3100 4872
326 353 374 425 34
612 343 839 418 HISTORIA
864 340 1139 416 WELFORUM

326 549 390 604 c'um
407 548 500 618 paucis
521 546 590 616 lugit
608 561 623 600 e
643 545 737 616 prelio.
775 541 835 598 Non
855 543 940 600 multo
959 551 1020 614 post
1037 539 1189 612 Leoptldus
1209 541 1330 606 moritur,
1350 539 1434 610 eique
1539 529 1541 548 '

216 637 267 692 vn,
281 623 353 684 acin
374 619 519 676 marchiam
539 618 623 676 lratet
641 635 706 672 suus
725 616 872 671 Heinricus
891 616 1027 670 successit.
1065 612 1117 669 Cui
1142 631 1190 668 rer
1209 611 1352 668 Saxouiam
1380 614 1429 666 iu·

237 705 317 760 1142,
327 711 442 763 gressus,
467 707 616 762 pacemque
635 707 696 743 oum
717 687 868 743 Saronibus
888 688 1000 753 iaciens,
1030 688 1139 742 viduum
1162 683 1286 741 Heinrici
1306 686 1383 740 ducis
1401 685 1432 738 iu
1540 755 1541 758 Ἴ

328 783 438 820 uxorem
458 765 545 830 dedit,
570 763 651 834 eique
671 765 799 816 ducatum
818 759 947 816 Noricum
966 762 1108 816 concessit.
1153 757 1232 826 Quae
1251 776 1294 813 res
1314 757 1432 812 maxime
1539 767 1541 810 t

328 855 463 912 discordie
482 853 655 910 seminarium
675 853 735 908 tuit.
774 849 874 906 Guello
901 833 1002 908 enlm
1028 845 1070 907 ul
1093 831 1235 907 (licium
1260 843 1318 907 esi
1342 856 1432 905 eun·

328 940 414 1013 dem
433 940 611 1011 ducatum
629 935 828 1034 impetens,
848 933 1027 1033 extimplo
1047 959 1149 1006 armen
1169 967 1252 1006 minu
1272 952 1321 1003 sut>
1342 949 1432 1003 ocutis
1538 963 1541 1034 ἶ

327 1058 450 1112 eiusdem
473 1052 599 1109 Heinrici
624 1063 713 1125 parter
739 1053 800 1108 illas
825 1052 990 1123 ingreditur,
1025 1034 1245 1131 cunctisque
1272 1033 1432 1106 circum·

329 1135 499 1238 quaque¹
518 1153 627 1209 rostatis
651 1152 811 1223 regreditur.
851 1148 894 1205 Ob
921 1151 973 1205 hoo
996 1149 1144 1206 Heinricus
1168 1150 1216 1206 ille
1240 1151 1431 1215 inflammatus,
1539 1133 1541 1176 ³

328 1241 479 1293 coadunato
499 1235 586 1291 milite
604 1235 670 1288 lines
690 1233 799 1288 illorum
819 1234 865 1304 qui
886 1216 1030 1288 Guellonis
1049 1231 1169 1287 fautores
1189 1243 1265 1287 erant
1283 1233 1430 1302 ingressus,
1538 1217 1541 1272 Ῐ

330 1310 492 1365 munitiones
519 1308 626 1362 illorum
652 1316 678 1362 et
702 1306 941 1362 villasdestruxit.
980 1303 1032 1360 Cui
1061 1306 1125 1359 dum
1151 1303 1252 1360 Guello
1279 1315 1432 1360 restaurato

330 1384 415 1438 milite
434 1397 578 1436 occurrere
601 1383 735 1451 parat²,
761 1379 853 1434 audito
873 1380 945 1452 quod
964 1395 1011 1434 rer
1028 1388 1238 1449 superventurus
1257 1387 1312 1450 est,
1339 1380 1431 1436 cessit.

329 1472 416 1528 Porro
436 1470 584 1528 Heinricus
603 1470 649 1526 ille
669 1471 749 1524 simul
769 1485 830 1524 cum
850 1487 915 1539 rego
935 1477 1052 1524 castrum
1071 1451 1303 1548 Tachouwe,
1329 1468 1435 1523 scilicet

330 1553 436 1610 comitis
449 1551 598 1616 Counradi,
618 1550 664 1624 qui
678 1569 709 1605 ex
723 1561 799 1622 parte
813 1547 956 1606 Guellonis
969 1560 1034 1616 erat,
1053 1551 1197 1605 obsidione
1213 1551 1318 1616 clausit,
1338 1559 1432 1606 rusta-

331 1631 420 1701 tisque
443 1627 472 1680 iu
499 1626 612 1681 circuitu
638 1623 783 1687 universis,
809 1623 945 1678 adiutorio
965 1624 1035 1694 regis
1056 1625 1089 1679 ud
1110 1623 1275 1678 deditionem
1295 1624 1382 1694 coegit
1401 1641 1434 1678 ao
1525 1683 1530 1690 ,

330 1719 393 1789 igne
411 1719 561 1772 succendit.
596 1695 659 1772 Sic
677 1707 758 1771 tota
779 1697 845 1770 illa
869 1696 1056 1796 provintia
1074 1697 1112 1769 in
1130 1696 1296 1770 maximo
1316 1697 1433 1772 bello·

332 1825 418 1874 rum
436 1797 651 1872 discrimine
668 1798 875 1870 laborabat.

432 1902 492 1976 26.
532 1897 652 2012 Igitur
669 1896 855 1996 Rogerius
873 1896 1110 1974 rex.Siciliae
1129 1897 1286 1972 audiens
1304 1898 1434 1971 huius·

331 1999 434 2074 modi
450 1995 751 2073 conflictationes
764 1997 863 2072 inter
877 1995 1057 2072 Guelfum
1075 2008 1113 2072 et
1130 2023 1275 2097 regem7
1294 1999 1432 2074 timens

332 2125 379 2174 ne
406 2100 505 2173 forte
525 2108 698 2173 cessante
718 2122 862 2196 gwerra
882 2097 1104 2172 Counradus
1122 2123 1189 2173 rex
1208 2101 1433 2197 quandoque
1539 2143 1541 2196 t

220 2287 224 2296 Δ
332 2199 482 2274 ltaliam
509 2199 685 2295 intraret,
714 2223 758 2271 ac
785 2198 918 2272 eadem
944 2223 1016 2296 que
1044 2197 1289 2297 abothario,
1320 2203 1430 2274 abeo
1539 2201 1541 2260 Ῑ

333 2325 484 2400 quoque
502 2322 753 2398 perpessurus
773 2310 886 2395 esset,
906 2298 1133 2373 Guelfonem
1148 2300 1328 2375 adversus
1345 2325 1433 2376 eun·

334 2407 421 2475 dem
449 2398 667 2473 muneribus
691 2398 861 2472 illectum
887 2398 1037 2496 incitat,
1063 2398 1298 2498 singulisque
1325 2401 1433 2475 annis
1537 2441 1540 2466 ι

333 2501 439 2574 mille
466 2520 615 2573 marcas
641 2523 682 2573 se
708 2500 755 2571 ob
773 2499 847 2572 hoo
865 2499 1041 2573 daturum
1067 2499 1279 2576 iuramento
1299 2501 1435 2575 confir·
1538 2501 1540 2560 i

334 2611 424 2675 mat.
477 2599 573 2675 Item
598 2623 748 2697 quoque
765 2623 832 2673 rex
850 2597 1064 2699 Ungariae³
1087 2601 1250 2676 eundem
1269 2602 1436 2675 Counra-
1536 2633 1537 2636 ¹

335 2702 425 2775 dum
450 2708 637 2796 metuens7
665 2698 892 2775 Guelfonern
910 2701 955 2774 ad
975 2724 1017 2775 se
1035 2701 1245 2798 accersivit,
1268 2703 1434 2799 dataque

335 2799 496 2900 pecunia
515 2824 591 2873 non
609 2799 772 2892 modica,
790 2825 834 2874 ac
848 2799 1026 2898 deinceps
1041 2801 1143 2874 omni
1158 2825 1254 2875 anno
1270 2802 1435 2875 dandam

335 2899 542 3001 pollicens,
585 2899 630 2972 ad
666 2900 925 2974 rebellandum
966 2900 1233 2975 nichilominus
1267 2901 1434 3001 instigat.

337 3000 474 3076 Guelfo
510 2999 637 3097 itaque
673 2999 841 3074 strennui
876 2999 1006 3074 militis
1042 3001 1211 3076 officium
1242 3027 1436 3102 exercens,
1535 3003 1540 3096 1]

337 3101 450 3174 modo
477 3099 516 3174 in
541 3099 727 3197 Bawaria,
763 3102 876 3173 modo
908 3101 946 3174 in
977 3101 1234 3202 Transalpinis
1265 3103 1437 3204 partibus
1533 3105 1540 3115 ”

338 3200 496 3299 swevis,
510 3200 623 3273 modo
640 3199 739 3274 circa
753 3199 900 3275 Renum
917 3211 974 3275 tot
986 3211 1234 3302 tempestates
1248 3205 1437 3278 bellorum
1531 3245 1540 3292 ,ξ

338 3300 469 3397 movit7
488 3299 530 3374 ul
546 3324 679 3400 regern
696 3299 823 3400 potius
837 3303 882 3384 ad
899 3301 1159 3378 defensionem
1177 3303 1237 3378 sui
1255 3329 1369 3402 quarn
1389 3305 1436 3378 ad

339 3412 554 3476 exterarum
572 3400 768 3474 nationum
785 3400 1000 3476 invasiones
1020 3402 1212 3480 excitaret.
1538 3403 1539 3406 ’

246 3519 327 3574 1147.
440 3502 500 3576 27.
537 3500 646 3575 Circa
660 3502 729 3574 has
741 3512 987 3600 tempestates
999 3503 1334 3602 gensFranoorum
1350 3530 1438 3579 cum
1537 3537 1539 3560 ³

337 3626 430 3701 rege
458 3624 527 3676 suo
551 3601 790 3696 LoudewicQ
819 3627 913 3701 gens
940 3628 1090 3702 quoque
1116 3603 1438 3680 Teuthonicorum
1487 3645 1488 3648 ¹

339 3727 427 3776 cum
443 3727 536 3801 rege
554 3726 623 3776 suo
643 3702 842 3775 Counrado
862 3703 1020 3803 aliisque
1038 3705 1287 3805 principibuS,
1313 3707 1439 3780 Fride-
1538 3721 1539 3725 ’

338 3804 418 3877 rico
446 3803 541 3878 duce
568 3800 755 3900 Sweviae,
786 3814 918 3901 postea
950 3806 1196 3904 imperatore,
1234 3806 1439 3906 episcopis,

340 3901 541 3978 comitibus
559 3926 627 3977 seu
646 3902 729 3976 aliis
748 3903 1019 4003 cuiuscumque
1038 3905 1261 3980 conditionis
1279 3906 1441 3980 homini-

340 4008 409 4078 bus
434 4028 503 4102 pro
523 4002 757 4102 querimonia
782 4007 1059 4081 transmarinae
1080 4006 1289 4083 aecclesiae
1307 4006 1440 4081 Hiero·

342 4172 512 4248 tl'porthue
521 4179 675 4246 procanctoe
688 4183 792 4234 costato
806 4175 880 4234 Otto.
938 4180 965 4250 2)
984 4185 1138 4237 occurreret
1151 4177 1226 4238 Otto.
1280 4181 1307 4250 3)
1324 4179 1390 4238 Bela
1402 4177 1440 4234 ll.

1534 4169 1539 4209 a

1534 4231 1539 4464 l
