3100 4872
463 369 871 446 WEINGARTENSIS.
1166 373 1215 453 35

2 601 3 624 ³
116 571 377 646 solimitanum
403 571 475 646 iter
502 571 784 672 aggrediuntur.
837 570 947 659 Quod
974 581 1013 646 et
1039 571 1218 648 Guelfum

117 675 272 771 ducem,
295 672 385 747 licet
408 673 576 748 nondum
595 674 726 748 sedata
745 695 902 770 gwerra,
925 671 980 746 ire
999 673 1216 773 compulit1.

2 825 12 858 2
116 773 273 874 Egressi
304 773 430 872 itaque
463 798 561 848 anno
594 773 781 848 dominice
810 772 1079 847 incarnationis
1108 779 1218 872 1147,

115 899 187 974 per
203 873 409 974 Ungariam
428 885 466 949 et
483 873 659 949 Greciam
678 873 992 948 innumerabilem
1010 873 1219 950 exercitum

2 985 3 990 ’
117 977 270 1049 ducunt.
299 974 395 1071 ,Qui
422 984 525 1074 totus
551 998 669 1074 pene,
700 973 866 1072 exceptis
892 973 1124 1073 principibus
1149 997 1219 1048 seu

1 1155 4 1182 Γ
117 1074 202 1149 aliis
221 1075 308 1174 plus
327 1074 469 1169 cautis,
497 1075 557 1149 vel
580 1075 706 1149 inedia
721 1075 783 1149 vel
802 1073 900 1148 aeris
927 1074 1220 1173 intemperantia

1 1205 2 1274 j
116 1177 179 1251 vel
202 1177 372 1250 ciborum
399 1175 600 1252 insolentia
622 1175 683 1251 vel
702 1174 1001 1249 Sarracenorum
1023 1173 1219 1250 invasione

1 1286 2 1340 t
117 1276 259 1351 infecto
276 1275 438 1375 'negotio
463 1275 696 1352 interierunt.
749 1275 792 1348 ln
818 1275 957 1352 bocer
985 1299 1006 1348 o
1026 1274 1217 1349 laborioso

1 1465 2 1471 η
116 1377 252 1451 itinere
271 1376 493 1450 Counradus
510 1402 577 1452 rex
596 1375 845 1451 commilitoni
864 1399 933 1448 suo
954 1301 1143 1472 duelfoni,
1163 1375 1218 1450 sic

1 1473 8 1596 l
118 1475 220 1552 enim
247 1502 335 1551 eum
360 1476 555 1552 nominare
582 1477 741 1573 solebat,
768 1475 967 1575 sepissime
993 1475 1032 1548 in
1055 1475 1220 1551 necessi·

1 1606 3 1678 ζ
115 1588 197 1652 tate
216 1577 476 1674 subveniebat,
503 1601 547 1651 ac
566 1578 613 1650 de
631 1577 806 1650 omnibus
825 1601 922 1673 quae
947 1601 970 1649 a
993 1575 1099 1675 regio
1123 1575 1217 1650 fisco

118 1677 527 1779 Constantinopolitani
556 1675 820 1776 imperatoris²
846 1675 916 1749 sibi
948 1675 1218 1773 offerebantur,

1 1849 2 1855 ,
117 1787 267 1878 partem
284 1777 338 1850 illi
356 1778 539 1853 tradebat.
575 1776 746 1875 Denique
759 1775 1049 1851 lherosolimam
1066 1775 1219 1851 venien·

1 1887 2 1939 i
116 1890 176 1953 tes
184 1933 199 1976 ,.
223 1903 310 1952 cum
329 1878 392 1952 alii
411 1877 648 1978 procinctum
667 1880 735 1950 sub
754 1901 847 1976 rege
866 1876 1066 1951 Counrado
1086 1887 1218 1950 contra

1 2052 7 2096 ἰ
119 1977 351 2053 Damascum
378 1989 587 2077 moverent,
615 1976 751 2054 Guelfo
775 1977 815 2051 in
840 1975 1061 2051 infirmitate
1084 1987 1218 2076 captus

1 2143 5 2169 ,
119 2079 220 2153 acin
238 2079 502 2178 desperatione
516 2078 675 2178 positus,
695 2079 740 2151 ad
760 2077 1019 2152 reversionem
1036 2100 1078 2151 se
1096 2087 1216 2175 parat.

118 2179 291 2260 Transito
311 2180 427 2280 igitur
443 2179 552 2276 mari,
580 2177 850 2253 convalescens
869 2175 1038 2250 Siciliam
1056 2176 1218 2276 attingit

116 2279 187 2355 Ubi
206 2279 392 2378 Rogerius
417 2302 505 2353 eum
529 2303 616 2364 cum
639 2300 778 2376 magno
803 2277 938 2350 domus
963 2301 1032 2352 sue
1054 2277 1218 2377 tripudio

1 2377 2 2383 ’
118 2378 329 2477 suscipiens
348 2401 392 2451 ac
410 2377 619 2452 honorifice
637 2376 848 2472 dimittens,
872 2377 1013 2453 iterum
1031 2377 1077 2452 ad
1099 2378 1220 2454 rebel·

1 2493 2 2554 }
117 2477 274 2551 landum
291 2503 332 2552 re
361 2477 372 2551 i
390 2476 566 2552 maximis
584 2478 803 2552 muneribus
820 2477 990 2553 illectum
1006 2477 1149 2553 incitat.

1 2638 3 2662 ,
221 2581 280 2652 28.
332 2504 452 2677 igitur
476 2601 673 2672 reversus,
703 2578 742 2650 in
768 2577 941 2676 proxima
966 2577 1093 2654 hieme
1117 2578 1310 2652 circa1150·

116 2677 422 2778 purificationem
436 2677 693 2754 sanctelllarie
704 2677 864 2752 collecto
874 2676 995 2752 milite
1008 2677 1105 2752 fines
1115 2678 1217 2777 regis
1226 2663 1328 2720 Μ·

1 2797 2 2808 ’
116 2778 259 2886 invadit
287 2803 331 2853 ao
358 2788 527 2853 castrum
550 2778 632 2854 eius
656 2776 893 2877 Flohperch³
921 2777 1009 2851 forti
1035 2778 1219 2894 inpugna·

1 2902 3 2929 ²
116 2879 221 2953 tione
248 2878 469 2976 sollicitans,
495 2880 586 2953 dum
607 2879 650 2952 'in
676 2878 893 2953 reversione
918 2877 1080 2954 militem
1105 2879 1218 2953 mmis
1317 2953 1319 2960 ,

1 2991 3 3031 ff
117 2978 254 3054 diffuse
274 2990 312 3054 et
327 2979 479 3054 incaute
498 2979 670 3076 duceret,
697 3005 720 3052 a
737 2979 918 3052 militibus
937 2978 1039 3077 regis
1058 2978 1217 3054 circum·

1 3081 2 3084 ’
115 3091 264 3176 ventus,
291 3105 337 3154 ac
361 3079 693 3179 congressionibus
718 3079 820 3151 initis
847 3101 935 3152 cum
959 3079 1105 3177 paucis,
1133 3079 1217 3154 aliis

118 3179 411 3279 circumquaque
439 3179 599 3277 diffusis,
625 3179 712 3279 plus
740 3204 786 3254 ex
810 3177 1017 3252 infortunio
1038 3203 1153 3276 quam
1171 3205 1218 3255 ex

117 3280 297 3356 instantia
315 3280 421 3378 belli,
448 3281 568 3355 nostri
594 3280 727 3378 fugam
746 3277 946 3378 arripiunt,
969 3278 1217 3378 plurimisque

119 3381 256 3480 captis,
281 3380 386 3454 nullo
415 3381 558 3480 occiso,
585 3379 837 3479 ignominiose
861 3389 1111 3454 revertuntur.
1163 3383 1218 3455 Ac

117 3481 173 3554 sic
191 3505 337 3580 gwerra
363 3480 426 3554 diu
452 3481 562 3556 anxie
585 3480 684 3554 inter
709 3479 834 3578 ipsum
860 3489 898 3553 et
923 3504 1056 3578 regem
1075 3479 1218 3579 agitata

1 3658 3 3668 ,
117 3580 226 3654 finita
244 3592 312 3656 est.
341 3581 437 3654 Nam
454 3579 666 3657 Friderious
684 3579 875 3654 fratruelis
893 3579 1008 3678 regis,
1028 3578 1219 3655 sororius⁴

118 3681 288 3756 eiusdem
315 3680 530 3778 Guelfonis,
561 3681 728 3754 medium
754 3703 796 3755 se
823 3680 868 3753 ad
901 3679 1217 3794 compositionem

1 3827 2 3876 3
116 3781 330 3857 faciendam
360 3781 603 3882 interposuit,
641 3780 885 3880 captivosque
917 3780 1002 3854 (luel
1035 3781 1141 3856 reddi
1172 3805 1218 3856 ac

1 3981 2 3990 ἵ
117 3907 250 3982 regem
269 3883 314 3958 de
334 3894 460 3958 cetero
480 3905 657 3956 securum
675 3905 792 3980 penes
810 3880 918 3953 illum
936 3903 1034 3979 esse,
1060 3880 1218 3980 provida

1 4035 3 4040 .
117 4057 205 4138 'illle
224 4064 359 4120 Wellonis
379 4066 594 4138 peregrinatione
613 4066 663 4120 cir.
684 4032 763 4121 etiam
784 4063 877 4119 Otton.
895 4061 963 4119 Fris.
984 4061 1067 4120 Getta
1086 4062 1217 4120 llriderioi
1322 4115 1325 4122 .

1 4171 2 4216 ,
117 4135 131 4192 1
159 4137 206 4193 40.
221 4137 267 4194 45.
283 4137 327 4194 58.
345 4139 410 4204 59„
463 4140 490 4212 2)
509 4137 654 4196 blanuelie.
729 4137 756 4210 3)
775 4136 927 4207 Flochberg
944 4153 1030 4211 prope
1048 4135 1219 4194 Nereabeim.

1 4227 3 4274 t
117 4211 135 4264 4
165 4212 246 4266 immo
266 4212 365 4267 sororis
385 4212 466 4269 filius.

1 4279 3 4314 v
941 4298 984 4366 3„
