3100 4872
29 174 32 219 1

27 387 33 557 i

458 334 866 433 wnrncanrnnsrsj
1134 355 1205 432 as
1301 305 1305 314 ’

113 580 187 629 ,suo
215 554 252 627 in
278 549 550 652 ipso'examine
569 554 811 627 accumulans
830 552 1059 652 composuit7
1088 563 1125 626 et
1151 553 1205 626 sic

115 656 437 754 'recompensando
450 653 597 728 illatum
611 656 813 754 dampnum
833 656 877 728 ad
897 655 1103 754 perfectam
1121 679 1207 753 pur·
1299 715 1301 718 .

120 756 315 856 gaulonem
348 755 527 854 pervenit.
581 756 683 844 Quas
714 757 822 830 villas
852 755 955 828 iuxta
984 756 1139 828 modum
1169 765 1208 848 et

25 913 31 949 „y
116 857 336 955 qualitatem
350 856 501 960 dampni
520 855 668 955 utrique
682 857 865 931 ecclesiae
879 856 959 930 sine
973 855 1150 930 dilatione
1168 855 1207 928 in

24 941 28 1046 Ι
118 968 339 1058 perpetuam
357 957 637 1056 possessionem
657 957 818 1031 donavit.
831 976 833 987 ’
846 957 914 1030 Hic
929 957 1059 1056 genuit
1075 956 1205 1052 filiam,

119 1058 327 1132 Chunizam
345 1058 507 1157 nomine,
534 1083 647 1156 quam
665 1061 777 1156 Anno,
805 1057 1010 1131 ditissimus
1038 1057 1210 1134 marchio·
1263 1069 1274 1085 “

28 1179 31 1187 ’
119 1159 261 1256 ltaliae,
289 1184 374 1232 cum
393 1170 497 1235 curte
516 1159 658 1232 Elisina
676 1161 843 1233 dotatam
861 1159 897 1234 in
917 1158 1206 1258 uxoremduxit,

28 1332 33 1352 ,
117 1271 216 1334 etex
230 1285 275 1334 ea
289 1260 465 1333 Guelfum
483 1260 598 1334 totius
612 1271 735 1335 terrae
750 1271 902 1334 nostrae
915 1261 1082 1332 futurum
1100 1260 1207 1333 here·
1226 1343 1227 1347 Ἰ

118 1361 203 1434 dem
218 1372 256 1435 et
268 1357 460 1434 dominum
474 1362 686 1460 progenuit,
702 1364 748 1436 de
763 1386 835 1459 quo
851 1366 918 1434 s'uo
934 1361 971 1433 in
985 1361 1070 1435 loco
1085 1360 1223 1436 dicen»

93 1463 206 1534 ‘dum
235 1472 302 1536 est.
355 1460 493 1536 Genuit
519 1462 699 1536 etlilium
732 1463 788 1536 sui
821 1461 982 1535 nominis
1011 1461 1207 1556 Guelfum‚

31 1570 34 1582 “
115 1563 238 1636 virum
257 1587 324 1660 per
342 1563 469 1636 omnia
486 1566 703 1662 probatum5
724 1564 786 1661 qui
805 1566 981 1637 ducatum
1001 1561 1208 1635 Corinthio-

24 1727 26 1778 p
117 1689 201 1737 rum
220 1674 257 1738 et
275 1663 483 1736 marchiam
501 1665 754 1738 Veronensum
780 1662 998 1763 adquisivit¹
1027 1675 1065 1737 et
1090 1673 1207 1736 stren-

24 1793 25 1846 3
116 1763 299 1837 unissime
313 1763 418 1836 rexit.
446 1764 591 1837 Dicitur
604 1766 649 1838 de
664 1789 725 1862 θο,Ι
741 1767 838 1864 quod
854 1789 940 1838 cum
957 1764 995 1837 in
1013 1763 1208 1862 procinctu

26 1934 30 1944 ,
117 1873 231 1961 esset,
242 1874 279 1938 et
292 1863 559 1963 imperatorem
570 1865 785 1940 Heinricum
797 1867 956 1941 tercium
967 1865 1207 1965 pertriduum

24 1987 26 2050 j
78 1965 217 2064 ..ultra
239 1975 420 2039 statutum
443 1976 592 2066 tempus
617 1967 655 2041 in
673 1969 757 2042 loco
779 1968 840 2065 qui
858 1967 993 2063 dicitur
1011 1965 1207 2064 Rungallc,

24 2077 26 2120 ³
117 2065 180 2137 ubi
204 2076 306 2139 totus
332 2066 517 2141 exercitus
541 2069 740 2143 convenire
759 2070 867 2164 solet⁷
893 2092 965 2164 quo
994 2077 1032 2139 et
1057 2090 1097 2139 se
1122 2091 1210 2139 ven·

24 2205 25 2218 2
116 2177 243 2239 turum
278 2167 487 2241 iuramento
521 2168 814 2260 constrinxerat„
835 2167 1136 2265 vprestolaretur7
1172 2176 1209 2240 et

24 2335 26 2344 t
117 2291 187 2340 nec
205 2267 377 2340 nuntium
396 2269 562 2364 quidem,
589 2269 651 2365 qui
670 2293 823 2341 causam
849 2292 954 2342 more
978 2267 1077 2341 illins
1097 2292 1209 2367 expo-

24 2373 26 2460 }
115 2376 236 2462 neret,
254 2366 420 2463 haberet,
436 2378 561 2441 erecto
578 2369 685 2466 signo
701 2369 915 2444 convocatis
935 2369 1012 2442 suis
1026 2367 1208 2443 reversio-

115 2466 175 2538 nis
197 2465 269 2539 iter
290 2466 454 2564 arripuit.
509 2468 744 2544 Cnitandem
769 2469 975 2569 imperator
993 2493 1206 2563 occurrens,

117 2591 187 2640 nec
211 2566 427 2639 muneribus
452 2593 521 2642 nec
539 2564 850 2667 promissionibus
868 2572 926 2644 vel
953 2569 1077 2642 saltim
1096 2570 1207 2658 minis

81 2691 83 2698 ·
118 2669 164 2740 ab
183 2667 332 2767 incepta
349 2669 616 2767 repatriatione
635 2675 830 2745 removere
848 2670 978 2768 potuit.
1188 2743 1192 2750 ,

24 2865 25 2868 ¹
223 2774 278 2842 11.
333 2769 494 2864 Qualiter
517 2773 729 2865 imperatori
755 2771 912 2845 Veronae
934 2773 1070 2844 restitit.
1108 2772 1208 2858 Quo·
1264 2779 1288 2868 J

24 2919 25 2922 ,
113 2869 204 2940 -dam
236 2869 349 2942 etiam
379 2881 549 2970 tempore
579 2897 666 2945 cum
696 2873 901 2972 imperator
933 2873 1206 2948 Veronensibus

24 2969 26 3008 ²
118 2967 260 3046 civibus
274 2971 512 3045 'exactionem
540 2972 725 3070 inferam,
750 2973 853 3048 mille
878 2974 1052 3047 marchas
1080 2975 1125 3047 ab
1153 2973 1206 3047 ois

24 3087 35 3164 fi
118 3070 357 3162 extorsisset7
389 3071 471 3170 ipse
496 3097 541 3146 ex
567 3073 756 3171 inproviso
783 3075 1069 3172 superveniens,
1103 3084 1208 3147 tanta

118 3193 389 3268 eumwsuosque
408 3172 607 3252 severitate
626 3185 664 3247 ct
681 3174 908 3249 contumelia
927 3173 1070 3272 afflixit,
1089 3185 1130 3247 ut
1146 3174 1208 3248 vix

117 3269 324 3368 imperator
354 3272 512 3371 pecunia
541 3298 586 3348 ex
615 3275 761 3373 integro
793 3276 938 3350 reddita
966 3275 1207 3360 securitatem

117 3372 278 3445 exeundi
297 3373 491 3448 obtineret.

76 3563 79 3568 r
224 3476 278 3546 12.
323 3474 431 3548 Idem
445 3473 558 3548 etiam
578 3475 712 3550 Guelfc
733 3477 1004 3551 monasterium
1021 3477 1059 3549 in
1078 3487 1206 3550 monte

115 3573 338 3670 antiquum²
355 3575 392 3646 in
411 3575 554 3651 honore
572 3578 691 3651 sancti
706 3577 853 3651 Martini
872 3577 1050 3675 fundavit,
1069 3603 1206 3652 nomen

116 3674 340 3774 Winigartin
358 3675 532 3776 inposuit.
572 3677 613 3751 ln
633 3680 730 3776 quod
749 3680 794 3752 de
812 3679 901 3753 villa
918 3678 1109 3752 translatis
1128 3703 1207 3752 mo·

120 3907 146 3979 1)
167 3926 191 3962 a.
203 3910 280 3966 1047.
353 3913 380 3982 2)
398 3892 478 3968 Anno
499 3913 577 3967 1053.
598 3917 759 3970 monasterio
778 3916 890 3970 Atrdorf
907 3917 1019 3970 lammis
1038 3926 1206 3988 consumpto,

58 4057 61 4062 Ι
116 3991 149 4035 ut
168 3983 249 4037 relect
266 3984 415 4062 Hermann.
434 3987 506 4058 Aug.
527 3985 605 4042 Well
621 3989 747 4059 palatium
767 4008 843 4045 suum
864 3991 1002 4044 monachis
1022 3992 1101 4044 cessit
1120 4000 1207 4044 castro
1259 4029 1262 4036 -

36 4089 39 4096 ,
114 4059 265 4128 utcumque
284 4059 310 4112 in
329 4060 440 4114 cellulas
459 4070 559 4132 aptato.
591 4059 654 4116 Hoc
673 4063 796 4134 scriptori
816 4073 907 4118 nostro
927 4065 1115 4118 monasterium
1135 4063 1209 4120 anti-

24 4171 25 4180 ,
118 4147 204 4201 quum
229 4137 276 4183 est.
314 4130 368 4186 Sur
394 4135 464 4188 e'nim
490 4144 578 4190 aetate
611 4135 678 4190 illud
705 4138 737 4190 ab
763 4134 895 4192 Heinrico
920 4135 1003 4208 Nigro
1030 4155 1099 4192 anuo
1126 4136 1207 4193 1124.

24 4205 25 4214 ¹
113 4202 272 4258 inchoatum
291 4203 343 4258 iarn
363 4207 514 4268 absolutura
534 4218 599 4270 erut.
637 4207 674 4265 H.
886 4211 888 4215 ’
1247 4205 1249 4212 ⁴

939 4249 1017 4366 e*-
