3100 4872
381 413 384 421 >
476 365 893 460 'wutucnutuusts
1188 370 1233 442 29

148 581 276 678 eisque
294 577 339 653 de
358 576 495 650 allodio
514 599 582 648 suo
600 574 730 648 villam
758 595 844 644 cum
868 569 1174 644 ministerialibus
1193 593 1237 642 ac
1301 567 1305 574 ’

140 681 230 758 aliis
257 677 479 779 appenditiis
507 677 606 770 eius,
643 685 684 747 ut
711 673 937 748 Guellonem
968 672 1028 745 de*
1044 670 1237 768 obsidione

13 841 15 872 ,
147 781 421 882 propellerent,
449 775 680 851 contradidit.
733 774 790 847 llli
815 784 941 860 autem
960 773 1048 846 dum
1074 773 1119 845 ad
1144 771 1238 846 redi-

122 935 123 938 *
146 883 324 957 mendum
335 890 501 954 castrum
511 878 669 960 collecta
680 897 792 948 manu
804 874 965 948 militum
979 884 1237 973 properarent,

13 1017 14 1024 ¹
59 1045 62 1049 .
148 984 283 1058 Guelfo
304 982 487 1081 impetum
506 1003 637 1054 eorum
654 976 888 1076 preveniens,
907 985 1074 1080 castrum
1092 986 1239 1048 armata

13 1101 15 1108 '
147 1110 274 1181 manu,
300 1080 482 1156 machinis
501 1105 649 1179 quoque
667 1077 853 1174 adhibitis,
877 1076 1168 1174 circumquaque
1185 1075 1239 1149 in·

148 1195 303 1284 pugnat,
332 1207 375 1257 ac
394 1182 448 1257 sio
465 1181 652 1256 laboriose
671 1189 841 1278 captum,
865 1178 982 1276 preda
1000 1202 1068 1251 sua
1087 1187 1240 1276 recepta

151 1297 188 1360 et
212 1284 388 1358 militibus
415 1283 549 1358 ibidem
576 1280 736 1382 repertis
760 1278 915 1378 captivis
938 1278 1125 1376 abductiS,
1152 1277 1240 1378 igne
1276 1307 1278 1312 ·

151 1398 315 1461 castrum
334 1383 537 1459 ‘succendit

251 1491 309 1564 21.
353 1486 494 1559 Eadem
513 1509 661 1583 quoque
683 1491 909 1581 tempestate
928 1481 1148 1554 Counradus
1167 1481 1241 1554 dux

150 1591 195 1664 de
213 1588 418 1686 Zaringen,
444 1587 650 1660 avunculus
671 1584 798 1657 uxoris
817 1607 896 1680 sue,
915 1577 1241 1656 Scouwenburch1

151 1701 318 1766 castrum
343 1687 538 1762 Guellonis
572 1685 735 1781 obsedit,
772 1693 830 1758 set
865 1683 1048 1756 adiutorio
1073 1682 1242 1756 Lotharii

150 1789 388 1888 imperatoris
403 1789 540 1862 infecto
556 1786 713 1885 negocio
729 1783 915 1860 recessit2.
943 1785 1079 1858 Postea
1090 1795 1127 1858 et
1140 1784 1240 1858 aliud

154 1901 318 1963 castrum
342 1888 477 1988 prelati
505 1887 670 1984 comitis,
696 1886 925 1982 Lounstein³
952 1886 1117 1983 scilicet,
1143 1887 1241 1983 quod

151 1991 440 2089 inexpugnabile
459 1989 601 2064 cunctis
621 1990 824 2083 videbatur,
844 1987 1048 2061 artificiosa
1067 2011 1243 2085 congres-

153 2091 258 2166 sione
278 2091 411 2166 Guello
432 2102 639 2191 expugnat,
671 2090 896 2186 aliquodque
915 2088 960 2161 de
980 2087 1057 2160 suis
1081 2087 1244 2185 amissiS,

153 2193 324 2266 omnibus
342 2217 431 2266 vero
451 2216 544 2290 quos
571 2191 706 2264 ibidem
731 2199 925 2287 repererat
951 2187 1165 2286 captivatis,
1192 2189 1245 2261 in·

153 2293 283 2367 cendio
300 2294 479 2366 devastat.
505 2293 595 2364 Post
608 2291 833 2390 procedente
846 2299 1017 2388 tempore
1029 2314 1114 2362 cum
1130 2289 1245 2364 etiam

154 2394 304 2467 Caluwe
323 2402 506 2490 castrum,
533 2393 632 2490 quod
658 2391 756 2466 idem
776 2415 903 2465 comes
923 2391 956 2465 ei
976 2391 1105 2465 dolose
1133 2391 1245 2464 surri-

153 2504 306 2593 puerat,
330 2494 489 2567 collecta
513 2492 749 2567 multitudine
768 2492 938 2566 obsidere
955 2492 1086 2589 vellet,
1117 2491 1181 2567 ille
1205 2517 1246 2567 se

153 2597 191 2667 in
206 2603 374 2670 extremo
390 2595 603 2668 discrimine
617 2594 795 2693 positum,
811 2593 1030 2690 nullumque
1044 2593 1246 2692 refugium,

153 2697 299 2769 nullum
318 2695 495 2769 solatium
514 2719 555 2769 se
574 2694 730 2768 ulterius
749 2695 888 2768 habere
908 2709 1170 2792 compensans,
1199 2696 1245 2768 ad

155 2796 381 2872 deditionem
403 2795 521 2893 venit,
549 2820 592 2868 ac
617 2819 658 2870 se
685 2797 731 2868 ad
758 2795 874 2894 pedes
902 2795 1006 2868 ducis
1032 2795 1247 2895 humilians,

148 2897 316 2996 gratiam
335 2922 447 2995 quam
471 2921 546 2970 non
569 2895 718 2994 meruit,
740 2895 890 2971 invenit.
943 2897 1028 2969 Dux
1054 2896 1154 2971 enim
1176 2922 1244 2996 pro

149 2997 268 3070 solita
279 2998 565 3072 mansuetudine
581 3022 623 3071 ac
638 2997 836 3072 clementia
850 2997 957 3071 illum
972 2998 1105 3072 eodem
1120 3009 1244 3072 castro

157 3123 201 3172 ac
220 3097 302 3171 aliis
322 3098 540 3194 quibusdam
562 3097 660 3171 villis
683 3098 973 3196 inbeneficiavit,
999 3099 1247 3198 omnibusque
1326 3169 1329 3174 a

157 3198 235 3272 suis
262 3197 442 3272 restitutis
466 3199 673 3273 honorilice
699 3199 857 3295 dimisit,
877 3223 929 3272 'ac
956 3199 1009 3273 sic
1037 3201 1277 3300 composita·

153 3321 251 3398 pace
271 3299 487 3397 cunctisque
505 3311 604 3375 terre
630 3299 730 3374 illius
759 3300 1001 3400 optimatibus
1028 3303 1075 3374 ad
1101 3326 1142 3377 se
1161 3295 1248 3376 con-

155 3398 372 3494 fluentibus
389 3401 580 3499 provincia
593 3412 673 3475 tota
687 3401 815 3475 ditioni
831 3426 899 3477 sue
913 3403 1080 3482 subiecta
1096 3403 1246 3501 quievit.

157 3500 231 3575 Sed
251 3500 327 3574 iam
346 3501 576 3600 digressione
591 3503 742 3599 omissa,
757 3505 807 3575 ‘ad
826 3503 1018 3602 inceptum
1035 3506 1246 3580 redeamus.

258 3605 317 3677 22.
344 3602 565 3700 ὶΗρίῐιιήουε
591 3603 705 3702 igitur
726 3606 808 3677 dux¹
825 3604 931 3678 finita
948 3607 1118 3704 paschali
1137 3608 1248 3681 ebdo-
1277 3645 1280 3650 ,

158 3704 270 3776 mada
287 3713 366 3775 tam
384 3703 580 3802 copiosum
594 3705 797 3778 exercitum
812 3706 850 3779 in
864 3705 1070 3780 Bawariam
1089 3706 1247 3804 reduxit,

152 3814 199 3875 'ut
223 3816 261 3878 et
286 3813 451 3876 castrum
479 3828 591 3903 supra
617 3805 876 3880 nominatum⁴
898 3807 1027 3882 stricta
1055 3807 1247 3882 obsidione

161 3903 360 4002 clauderet,
388 3915 425 3979 et
453 3929 493 3980 se
517 3908 561 3978 ab
584 3905 726 4005 impetu
751 3908 902 3982 illorum
930 3909 992 4008 qui
1019 3909 1089 3982 sibi
1121 3916 1250 3982 contu·

161 4086 187 4157 1)
206 4104 288 4158 prope
301 4086 453 4144 Oberlrirclr
471 4091 498 4144 iu
518 4108 615 4162 magno
635 4095 732 4146 ducatu
751 4091 879 4148 Badeusi.
905 4093 934 4148 S.
1008 4094 1036 4159 2)
1057 4088 1247 4146 praecedentia

159 4179 182 4214 c.
209 4178 232 4217 a.
262 4159 330 4215 1133
362 4164 504 4234 contigisse
536 4165 626 4220 statuit
657 4163 740 4221 Sttlin
772 4167 815 4235 ll,
841 4166 904 4222 ³71.
1017 4167 1042 4240 3)
1070 4160 1248 4219 deeustein.

157 4233 185 4304 tt
207 4233 445 4292 Wollratshausen.
858 4281 861 4288 .
