3100 4872
54 1055 57 1064 ,
109 1053 111 1059 ,
152 984 385 1056 Counonem.

375 390 379 396 ·
493 317 898 451 ubiuoiurnusrs.
1067 337 1070 346 ’
1196 382 1241 454 17

53 643 55 650 .
150 579 246 653 Itam
262 578 425 693 nomine,
444 578 551 654 cuius
565 589 672 678 pater
686 580 816 652 Couno
831 577 1086 652 nobilissimus
1100 604 1242 677 comeo,

53 727 54 770 3
152 691 273 754 mater
285 705 374 755 vero
389 703 470 754 eius
484 679 563 754 iilia
577 678 724 766 Ottonis
738 679 865 778 Magni
883 679 1121 779 imperatoris
1139 681 1243 779 fuit1,

151 780 314 854 Richlint
338 782 501 856 nomine.
554 781 623 854 Hic
650 781 776 878 itaque
800 781 929 855 Couno
958 791 1118 878 quatuor
1143 781 1243 868 filios

55 920 62 952 .
150 881 371 980 progenuit,
407 881 436 954 Ε
466 883 683 980 gobertum,
718 882 972 980 Leopaidum,
1007 882 1242 980 Lintoldum,

438 908 607 1070 &uorum
632 983 792 1082 primus,
821 982 1056 1082 Eggebertns
1079 982 1242 1081 seilicet,

151 1083 360 1156 marchiam
386 1083 490 1156 iilam
517 1108 589 1181 que
613 1094 671 1158 est
695 1084 733 1157 in
759 1083 895 1156 tinibus
922 1082 1085 1158 Saxonie
1111 1107 1243 1158 versus

53 1267 54 1272 η
151 1183 291 1283 DanoS,
307 1181 437 1258 Stadin
451 1184 696 1283 nominatam,
712 1183 903 1281 obtinuit2,
922 1195 960 1258 et
973 1184 1072 1258 filios
1087 1209 1131 1258 ao
1144 1183 1243 1258 filias

58 1306 62 1317 ’
150 1310 221 1383 per
240 1285 406 1358 diversas
428 1285 603 1384 regiones
627 1284 890 1359 disseminatas
914 1285 1054 1385 genuit.
1106 1285 1245 1359 Habuit

151 1410 299 1483 quoque
317 1385 416 1460 idem
432 1387 561 1459 Couno
577 1397 738 1483 quatuor
749 1385 859 1484 filias,
879 1411 1038 1483 quarum
1058 1410 1131 1458 una
1146 1385 1243 1458 Rou-

151 1487 252 1558 dolfo
280 1486 360 1584 isti,
387 1487 460 1560 alia
483 1486 631 1560 cuidam
650 1489 695 1561 de
713 1486 926 1583 Rinveidin,
951 1486 1097 1585 parenti
1115 1487 1243 1559 Zarin·

150 1586 340 1685 giorum3,
367 1587 484 1661 tercia
510 1589 591 1686 regi
617 1588 842 1686 Rugiorum,
869 1586 1024 1684 quartat
1042 1587 1170 1660 comiti
1197 1589 1243 1662 de

149 1687 292 1762 Dieron
311 1688 448 1787 nupsit.
500 1688 707 1761 Roudoifus
731 1689 900 1785 prefatus
920 1713 965 1761 ex
984 1712 1052 1761 sua
1070 1687 1126 1760 lta
1147 1689 1241 1760 duos

149 1788 266 1885 iiiios,
297 1789 515 1862 Heinrieum
534 1799 572 1862 et
590 1788 832 1887 Guelfonem,
866 1799 903 1862 et
928 1789 1047 1862 filiam
1063 1788 1242 1888 Riohgar-

54 1920 57 1930 ·
139 1891 236 1978 dam
255 1889 407 1965 nomine
426 1890 637 1989 progenuit.
1172 1965 1174 1970 .

251 1995 284 2063 7.
337 1991 406 2064 Hic
427 2001 485 2064 est
502 1990 712 2089 HeinriouS,
731 1989 794 2088 qui
813 1992 881 2064 sub
900 1989 1008 2062 annis
1027 1990 1243 2064 adolescen-

53 2121 54 2124 ¹
148 2089 199 2164 tie
224 2090 261 2163 in
279 2091 444 2166 Venusta
461 2091 582 2167 valie⁶
600 2092 703 2164 iuxta
720 2091 848 2164 villam
865 2089 1047 2162 Lounon⁶
1074 2090 1111 2162 in
1129 2113 1242 2165 vena·

53 2189 54 2196 ’
146 2191 250 2265 tione
268 2215 358 2265 saxo
373 2217 580 2292 ‚percussus
599 2191 749 2266 interiit.
787 2190 1062 2289 Richgardam⁷
1081 2215 1177 2264 unus
1196 2193 1242 2266 de

148 2292 353 2365 maioribus
388 2293 584 2366 Baioariae
626 2291 849 2365 comitibus8
884 2315 1041 2365 uxorem
1084 2293 1239 2392 accepit.

51 2475 52 2492 ,
149 2391 224 2465 Sed
244 2393 330 2489 quia
355 2419 401 2466 ex
424 2418 468 2466 ea
493 2393 670 2469 heredem
695 2417 770 2466 non
794 2393 942 2491 habuit,
968 2403 1045 2488 tres
1073 2393 1241 2468 abbatias

53 2507 54 2514 ³
138 2505 195 2566 'ex
210 2493 287 2565 suis
301 2493 440 2592 prediis
453 2493 666 2594 magnifice,
681 2504 723 2566 ut
736 2495 858 2567 adhue
871 2493 1047 2592 cernitur,
1061 2490 1253 2570 fundavit.

121 2592 343 2680 'Quesunt
366 2594 582 2693 Ebirsperc,
608 2595 806 2692 Conbach,
833 2594 1058 2669 Gisinveldi.
1110 2595 1157 2668 Et
1189 2595 1243 2667 in-

58 2773 61 2787 ,
148 2719 262 2792 super
281 2694 455 2768 Guelfoni
473 2695 579 2768 fratri
609 2695 733 2768 uxoris
760 2719 828 2768 sue
852 2694 960 2767 villas
984 2693 1186 2793 Utingen¹⁰
1204 2705 1243 2769 et

53 2811 61 2858 l*
147 2794 388 2870 Seimbaoh¹1
414 2821 500 2870 oum
531 2796 703 2870 omnibus
729 2795 951 2895 appenditiis
977 2795 1054 2892 suis
1080 2796 1240 2872 donavit.

146 2891 307 2993 Ipsaque
327 2897 521 2971 Richardis
547 2894 774 2996 Ebirsperch
801 2897 948 2996 sepulta
975 2895 1080 2970 est¹².
1128 2896 1241 2970 Deni-

148 3021 221 3092 que
240 2997 445 3070 Roudolfus
469 3009 671 3097 postquam
696 3008 829 3071 nature
857 2998 1023 3071 debitum
1048 2998 1241 3096 persolvit,

145 3095 186 3168 in
203 3095 407 3170 Altorfensi
435 3098 590 3171 cenobio
617 3098 719 3170 iuxta
749 3108 896 3196 patrem
925 3107 962 3170 et
987 3108 1147 3171 matrem
1172 3099 1241 3171 hu·

60 3204 82 3244 -’
147 3208 284 3270 matus

141 3394 174 3486 Ι1)
194 3415 312 3469 minime.
385 3418 413 3487 2)
432 3415 533 3488 Nugae.
566 3416 623 3472 cfr.
643 3427 734 3473 tamen
750 3435 818 3490 quae
838 3419 872 3470 ad
892 3417 1076 3488 explicandam
1097 3418 1244 3473 confusio-

145 3507 207 3542 nem
227 3490 321 3542 diouut
339 3486 464 3561 Origines
484 3489 574 3546 Gueli.
594 3489 634 3555 11,
652 3491 716 3545 att.
791 3491 817 3562 3)
837 3489 976 3544 Cononem
988 3490 1030 3545 'de
1049 3490 1239 3555 Rbeinieidem

145 3572 248 3634 patrem
268 3561 376 3617 Rudoifi
395 3566 472 3618 ducis
491 3563 620 3628 sueviae,
644 3566 677 3618 ab
699 3561 915 3634 Oeningensibus
941 3581 1039 3617 nomen
1064 3564 1240 3632 hereditasse,

53 3677 54 3680 ,
145 3633 263 3706 ideoque
288 3646 412 3706 nepotem
441 3637 524 3692 fuisse
550 3635 668 3692 Cononis
694 3635 872 3707 Oeningensis
901 3637 1051 3708 suspicatur
1078 3636 1158 3693 Heus.
1196 3637 1240 3692 De

146 3709 307 3776 cognatione
320 3707 570 3764 Rbeiuieldensium
585 3729 646 3764 eum
659 3710 865 3780 Ziringensibuo
884 3710 924 3764 nii
940 3719 1054 3764 constat.
1128 3711 1155 3782 4)
1174 3709 1241 3765 Ku-

145 3783 219 3834 nizza
248 3784 370 3849 nomine,
403 3784 474 3836 iuxta
503 3785 673 3838 traditionem
701 3783 884 3837 Diesseosium
913 3784 1104 3846 monachorum
1135 3793 1239 3838 mortua

57 3895 62 3902 .
148 3869 172 3906 a.
194 3853 370 3916 toan-Mart.
390 3859 422 3916 ὂς
448 3875 472 3911 v.
491 3853 574 3910 Notae
593 3855 752 3911 Diessenses
771 3855 810 3911 M.
828 3855 861 3912 G.
883 3854 934 3910 SS.
947 3855 979 3910 Τ.
995 3855 1083 3919 xvii,
1102 3857 1157 3910 329
1177 3875 1239 3911 oum

147 3928 328 3983 adnotatione.
422 3929 447 4002 5)
467 3929 642 4000 Vintschgau.
736 3931 761 4000 6)
781 3930 854 3982 Lena
880 3930 948 3984 inter
967 3928 1062 3984 Meron
1082 3938 1108 3984 et
1126 3928 1237 3984 Botzen.

56 3996 60 4006 '
147 3997 174 4070 7)
199 3997 333 4056 Rihiindia
363 4004 438 4058 audit
471 4004 498 4056 in
528 4000 661 4057 Chronico
689 4002 901 4073 Eberabergensi
926 4001 965 4058 M.
987 4001 1020 4056 G.
1051 4001 1101 4056 SS.
1121 4001 1152 4057 T.
1173 4001 1239 4058 XX.

145 4070 174 4142 8)
194 4070 330 4128 Adaibero
350 4094 438 4132 comeo
459 4078 492 4131 de
510 4075 673 4147 Ebersberg.
748 4076 774 4144 9)
793 4076 927 4130 Knhbach
946 4093 1030 4147 prope
1050 4073 1238 4147 Witteispaob,

147 4143 313 4200 Geisenieid.
394 4151 437 4221 10)
456 4148 547 4220 Utting
566 4153 600 4204 ad
619 4150 707 4204 iarum
726 4149 893 4204 Ammersee.
933 4147 989 4204 cn.
1008 4147 1081 4203 Ann.
1100 4149 1192 4206 Aitab.
1212 4166 1238 4204 a.

60 4241 61 4244 ¹
147 4219 226 4272 1055.
304 4219 346 4289 11)
366 4221 525 4278 Sieienbech
544 4223 769 4296 propehiohaob.
846 4223 888 4295 12)
908 4221 984 4277 Obiit
1003 4241 1027 4278 o.
1042 4221 1121 4278 1045.
1141 4221 1238 4277 lun.2.

987 4315 1007 4379 2
