3100 4872
13 323 59 374 ¹:531?
106 351 107 354 Ἰ
133 333 134 336 ¹

2 497 38 538 ᾺἈΓ,
65 521 67 526 t

242 325 246 338 i
281 392 339 464 oo
402 364 910 473 uucoursar'uouoau
930 387 1282 465 cuuouiconuu

72 607 76 614 ⁴
110 665 113 672 ,
289 584 417 662 Sicilia
445 583 687 685 constitutus,
714 589 802 661 dum
830 591 876 662 de
901 588 1179 664 insidiatoribus
1206 589 1314 687 regni
1334 589 1393 662 sui

292 688 474 763 sollicitus
512 699 754 784 causaretur,
807 693 994 786 quendam
1031 691 1252 765 Riscardum
1288 689 1392 764 uobi-

289 792 365 864 lem
394 788 570 862 comitem
603 787 921 887 comprehensum
955 791 1153 866 execrabili
1186 790 1391 889 suspendio

186 885 192 896 ’
291 889 519 989 dampnavit.
546 889 598 962 lla
613 913 763 986 quoquo
777 899 1005 988 tempestate
1020 892 1261 988 Margaritam
1277 915 1393 990 quon-

292 995 378 1066 dam
394 991 583 1063 famosum
600 989 774 1087 piratam,
793 1014 906 1087 quem
925 992 999 1064 iam
1020 995 1159 1066 dudum
1179 993 1215 1064 in
1232 991 1394 1065 confinia

196 1097 197 1100 ’
291 1092 386 1165 Reni
411 1116 495 1164 cum
523 1088 597 1164 filio
622 1089 792 1163 eiusdem
812 1091 981 1164 Riscardi
1001 1103 1038 1164 et
1056 1096 1217 1190 quodam
1237 1084 1393 1191 parvulo

291 1191 368 1264 filio
397 1190 582 1264 Dancredi
610 1191 819 1264 Siculorum
853 1192 999 1285 tyranni
1032 1217 1103 1267 nec
1123 1217 1207 1266 non
1243 1204 1279 1266 et
1311 1193 1393 1266 aliis

293 1292 498 1391 episcopis,
528 1291 722 1365 abbatibus
751 1301 788 1363 et
815 1293 1032 1367 mulieribus
1053 1318 1120 1391 per
1139 1294 1394 1393 captivitatem

292 1393 556 1486 transtulerat,
595 1392 711 1465 missa
747 1392 937 1488 legatione
973 1396 1158 1491 quosdam
1191 1393 1393 1491 exoculari,

291 1496 477 1592 quosdam
504 1491 730 1565 incarcerari
750 1495 796 1565 ab
815 1493 976 1566 invicem
997 1505 1193 1592 separatos
1213 1494 1393 1594 precepit.

292 1597 502 1692 Eapropter
526 1595 613 1665 dum
633 1593 760 1690 plures
780 1593 985 1691 Apulorum
1006 1598 1189 1668 adversus
1210 1619 1296 1668 eum
1317 1617 1394 1671 ma·
1504 1673 1506 1676 ,

290 1695 539 1791 lignareutur,
563 1693 694 1764 callide
715 1695 1014 1791 comprehensos
1034 1705 1215 1793 quotquot
1232 1697 1396 1769 habebat

292 1805 506 1893 suspectos,
527 1792 721 1890 exquisitis
743 1803 780 1865 et
799 1795 1068 1868 crudelissimis
1088 1795 1270 1868 mortibus
1287 1796 1396 1870 extir-

292 1897 405 1995 pavit.
445 1895 529 1992 lpse
550 1917 640 1965 vero
660 1892 914 1991 potentialiter
932 1920 1098 1992 regnans
1123 1907 1201 1968 tam
1228 1895 1394 1970 Siciliam

293 2020 406 2092 quam
435 1993 645 2070 Calabriam
673 2004 711 2065 et
737 1995 910 2091 Apuliam
938 1998 1025 2067 dum
1055 1996 1280 2069 omnimodis
1309 1995 1395 2068 edo-

293 2098 406 2171 mitas
443 2095 587 2192 sibique
624 2098 832 2168 substratas
869 2107 979 2192 prout
1014 2096 1161 2168 iuvenis
1202 2097 1394 2194 gloriatur⁷

149 2287 150 2290 Ἴ
255 2239 257 2244 f
294 2196 416 2271 subito
450 2197 577 2268 dolore
606 2205 819 2292 correptus7
848 2220 946 2266 anno
975 2196 1121 2295 imperii
1150 2198 1208 2270 sui
1232 2197 1394 2295 septimo

293 2297 394 2370 circa
421 2298 560 2368 festum
589 2296 710 2368 sancti
738 2295 958 2369 Micbahelis
985 2297 1172 2370 inmatura
1192 2308 1313 2370 morte
1334 2300 1395 2370 de·

295 2398 404 2493 cedita
432 2420 530 2468 auno
551 2401 596 2469 ab
615 2395 872 2470 incarnatione
891 2397 1041 2470 Domini
1064 2402 1170 2473 1197.

320 2760 642 2841 CONTINUATIO
672 2760 874 2835 HONORll
902 2759 1369 2834 AUGUSTODUNENSIS.

203 2908 285 2964 1197.
371 2899 453 2986 Quo
480 2899 687 2970 decedente
706 2900 1024 2992 quemadmodum
1044 2897 1080 2968 in
1100 2897 1303 2994 kathalogo
1324 2897 1395 2968 llo·

295 3022 492 3076 mauorum
513 2996 669 3094 regum1
690 2997 949 3094 presignatum
971 3008 1043 3096 est7
1058 2998 1265 3096 ¹Phylippus
1280 2999 1397 3069 frater

245 3141 246 3144 ¹
296 3101 376 3174 eius
406 3098 602 3194 minimus,
630 3098 691 3195 qui
712 3098 908 3171 Counrado
937 3099 1021 3171 duci
1039 3099 1265 3195 suevorum,
1290 3099 1396 3170 fratri

222 3199 224 3204 ’
296 3200 467 3273 videlicet
478 3198 687 3297 utriusque,
702 3199 738 3270 in
755 3201 929 3272 ducatum
946 3208 1200 3294 successerat7
1216 3209 1395 3272 evocatus
1455 3195 1456 3198 ’

296 3307 341 3375 ab
368 3302 596 3398 imperatore
620 3311 705 3370 cum
732 3299 913 3372 trecentis
938 3299 1062 3371 loricis
1082 3299 1258 3372 Tusciam
1282 3300 1396 3372 intra·

288 3412 420 3496 uerat,
452 3400 513 3472 ubi
544 3403 632 3472 dum
665 3423 732 3498 pro
759 3399 994 3472 recreatione
1024 3422 1178 3472 suorum
1206 3400 1243 3471 in
1271 3410 1395 3472 castro

296 3503 392 3600 quod
420 3500 553 3572 dicitur
576 3498 683 3572 Mons
707 3499 850 3572 Flasci²
878 3511 1101 3596 moraretur⁷
1129 3498 1190 3572 vix
1209 3503 1254 3574 de
1274 3511 1395 3572 morte

293 3601 419 3675 fratris
438 3600 678 3698 imperatoris
699 3601 842 3673 scilicet
861 3603 905 3673 ad
922 3610 1067 3673 certum
1084 3602 1253 3696 edoctus,
1273 3600 1395 3673 redire

294 3701 509 3798 maturavit,
524 3712 562 3774 et
576 3725 651 3772 non
666 3701 748 3775 sine
765 3702 869 3798 gravi
880 3701 1047 3800 periculo
1059 3726 1214 3774 suorum
1227 3704 1394 3773 evadens

292 3807 505 3901 Augustam
532 3801 693 3875 devenit.
741 3801 832 3874 Exin
853 3804 1044 3899 profectus
1064 3803 1100 3875 iu
1120 3801 1280 3875 confinia
1300 3801 1396 3873 Reni

293 3903 480 3979 acunctis
501 3903 743 4001 optimatibus
761 3903 944 4000 regnique
963 3902 1133 3976 fidelibus
1161 3927 1245 3982 cum
1266 3901 1395 3974 alacri-

296 4087 320 4158 1)
340 4087 368 4140 id
389 4097 429 4142 est
448 4087 475 4140 iu
496 4083 630 4141 Chronico
650 4087 776 4160 Hugouis
796 4105 810 4140 a
831 4085 860 4140 S.
880 4084 1000 4152 Victore,
1020 4087 1048 4139 in
1068 4103 1122 4158 quo
1142 4085 1170 4140 in
1190 4085 1284 4140 codice
1302 4092 1394 4139 nostro

200 4205 201 4208 ,
293 4177 393 4214 nomen
418 4158 538 4231 Philippi
565 4161 652 4215 adbuc
675 4159 793 4214 occurrit
818 4160 967 4230 posteriore
996 4177 1076 4213 mauu
1105 4159 1233 4230 scriptum
1262 4159 1290 4211 iu
1321 4158 1394 4212 calce

230 4305 231 4310 Ἰ
293 4231 417 4303 Catalogi
437 4233 604 4303 pontificum.
666 4233 945 4306 -2tMontefiascoue
