3100 4872
295 322 345 394 so
423 407 432 418 ,
614 316 840 393 canonici
867 285 1077 391 nticoius

214 537 272 580 ΑΠΗ-
296 518 1021 607 Tridericustercioexpeditionem-Alcxandriam,
1050 517 1182 590 Terclo
1198 527 1285 615 pOSl
1270 518 1392 591 illaec

199 595 249 638 wei
230 607 288 649 m'ng
297 643 396 692 anno
417 637 481 690 unio
501 636 685 690 ecclesiac-
706 633 865 690 Heinricum
890 637 985 689 ducem
1006 633 1155 690 Saxonum
1169 645 1194 689 et
1219 633 1392 691 bawarorum

297 721 411 812 filium
431 718 604 794 avunculi
625 720 682 792 sui
699 738 806 790 duobus
821 735 898 788 annis
912 735 990 788 nattis
1007 737 1125 790 annum
1141 719 1275 792 iudicio
1296 721 1392 816 prin-

296 822 421 919 clp‘tlln
442 837 513 891 exilii
534 835 729 908 proscriptione
748 837 915 904 dampnavit,
942 829 980 890 el
1004 822 1179 892 (lucillum
1205 819 1392 893 saxoniae

296 923 501 1015 Bernardo,
525 919 600 991 lilio
619 919 760 992 Alberti
779 919 1008 992 marchionis
1028 923 1073 994 de
1091 921 1299 1014 Anebalde,
1322 922 1392 992 No·

295 1023 414 1094 ricum
440 1044 529 1093 vero
558 1020 685 1093 Ottoni
712 1020 877 1118 palatino
904 1020 1030 1092 comiti
1058 1023 1103 1094 de
1131 1021 1391 1118 Witilinspa'cb

297 1122 494 1196 concessit.
544 1121 684 1208 Quarto
705 1121 905 1218 posthaec
923 1145 1022 1193 anno
1042 1139 1089 1192 ont
1108 1140 1275 1209 imperatoris
1295 1138 1394 1194 ratae-
1538 1169 1543 1206 a

294 1242 388 1294 rici-
357 1237 540 1308 -deAnglia
555 1256 679 1293 reversus
692 1246 740 1308 est
761 1231 920 1319 ulloque
939 1225 1076 1294 (lucain
1096 1247 1180 1296 culn
1200 1220 1391 1296 beneficiis

297 1324 470 1397 omnibus
502 1346 573 1394 nec
604 1347 679 1394 non
710 1322 937 1418 patrimonio
968 1323 1186 1420 destitutus,
1223 1323 1391 1436 exceptis

296 1423 515 1497 Brunswicb
535 1434 572 1496 et
589 1417 799 1495 Lirinebmc
819 1434 1005 1496 eteorum
1026 1423 1268 1523 appendiciis.

371 1524 447 1598 Sub
466 1525 538 1596 boc
552 1527 723 1622 tempore
738 1523 936 1597 Saladinus
951 1523 1239 1639 Sarracenus7u
1219 1535 1258 1596 ut
1275 1525 1391 1622 aiunt

297 1650 363 1698 rex
381 1623 600 1698 Babiloniae
620 1647 705 1696 curn
725 1624 987 1698 innumerabili
1007 1625 1173 1698 exercitu
1194 1635 1298 1697 trans
1318 1627 1393 1698 lor-

297 1729 435 1798 danem
462 1725 638 1821 veniens,
666 1749 819 1818 omnem
844 1726 1073 1799 Palestinam
1102 1738 1139 1799 et
1165 1726 1391 1798 maritimam

297 1826 507 1924 occupavit
525 1824 648 1923 ipsam
663 1825 801 1899 Christi
821 1830 952 1898 orbern
972 1827 1209 1900 Hierusalem
1230 1852 1313 1899 curn
1336 1851 1392 1898 re

299 1927 408 2025 liquis
435 1927 642 2000 civitatibus
672 1936 709 1997 et
728 1926 893 1998 castellis
920 1927 1036 2023 cepit
1065 1929 1233 2026 exceptis
1253 1926 1392 2042 Tripoli
1493 2005 1499 2008 ,

299 2039 336 2100 el
353 2029 449 2124 sor,
464 2051 561 2140 quae
588 2038 624 2100 et
650 2027 783 2122 Tyrus7
811 2037 848 2098 et
872 2025 1095 2100 Anthiocbia
1121 2039 1159 2100 et
1181 2029 1312 2125 paucis
1332 2052 1392 2100 ca·

299 2127 430 2202 stellis.
486 2127 599 2202 Cuius
631 2127 719 2200 facti
751 2126 1005 2201 miserabilem
1038 2152 1167 2200 casum
1201 2128 1390 2226 principes

297 2229 574 2302 transmarinae
600 2228 785 2300 ecclesiae
811 2238 848 2299 et
868 2228 981 2301 ceteri
1001 2229 1228 2302 christianae
1247 2233 1391 2328 proles-

298 2328 415 2402 sionis
441 2328 615 2400 homines
647 2328 865 2400 lacrimabili
899 2331 1170 2427 conquestione
1202 2334 1247 2403 ad
1280 2355 1390 2402 aures

298 2429 456 2504 Romani
477 2429 615 2502 summi
636 2427 822 2525 pontificis
843 2440 880 2502 et
898 2429 1134 2503 serenissimi
1152 2431 1390 2529 imperatoris

298 2529 471 2602 Triderici
499 2541 725 2603 curaverunt
751 2529 952 2602 destinare.
998 2531 1135 2604 Verum
1163 2533 1389 2604 continentia

300 2631 491 2702 literarum
511 2641 588 2704 tarn
607 2630 833 2727 inopinabile
853 2631 992 2704 malum
1014 2633 1258 2748 explicans
1227 2657 1322 2704 cirea
1341 2634 1391 2704 fe

221 2743 289 2869 N203v.
301 2743 401 2802 stum
417 2731 514 2804 beati
529 2731 763 2806 Clementis
755 2756 790 2802 in
810 2731 905 2804 haec
924 2738 1036 2806 verba
1057 2736 1155 2832 cepit
1173 2733 1320 2831 publice
1334 2759 1392 2804 re·

235 2818 420 2904 23·citari:

190 2942 254 2998 Mn
268 2943 291 2998 1
375 2930 518 3004 Accidit
502 2934 661 3025 tprima
688 2929 746 3004 die
770 2930 879 3049 Maii,
911 2931 1010 3029 qnod
1031 2933 1247 3007 venerabilis
1271 2938 1353 3023 frat
1353 2960 1392 3005 er

302 3032 493 3124 Gyrardns
520 3031 564 3104 de
581 3032 891 3128 Bidefortrnnpas
893 3039 946 3112 ter
893 3035 1129 3112 tantane
1154 3035 1288 3128 Templi
1309 3059 1391 3106 enni

299 3134 616 3228 fratreHnrsone‚
643 3132 803 3205 eiusdem
820 3117 952 3208 donans
969 3135 1251 3230 semlant
1214 3143 1251 3208 et
1272 3138 1354 3234 [rat
1353 3161 1391 3208 re

299 3232 478 3307 llobberto
496 3232 646 3306 Franiel
662 3233 901 3320 marschalco
929 3241 964 3306 et
987 3237 1069 3320 frat
1068 3259 1107 3306 re
1131 3235 1323 3331 Laqnilino
1347 3237 1391 3308 de
1430 3248 1432 3253 '

301 3333 403 3430 Mati,
429 3333 780 3428 stemmiliteet
766 3333 1000 3407 inenerrabili
1023 3337 1141 3420 fratre
1164 3337 1319 3432 lioperto
1347 3337 1391 3408 cle

301 3432 461 3530 Melina,
486 3435 912 3530 maginanaflespilalis,
948 3442 983 3507 et
969 3435 1092 3508 taliis
1117 3439 1198 3524 [rat
1183 3436 1297 3509 tribas
1317 3462 1389 3531 pro

296 3557 390 3628 paee
407 3534 589 3632 querenda
608 3560 689 3607 carn
707 3534 932 3629 Tripolitana
952 3537 1114 3630 contre,
1133 3542 1195 3633 qni
1211 3537 1390 3632 malipna·

300 3633 410 3707 batur
433 3635 610 3709 adversus
627 3660 745 3730 repam
762 3634 1136 3734 Hierosolirnitonnrn,
1164 3637 1391 3732 Tyberiaclirn

295 3743 494 3830 perpererat.
533 3736 662 3808 anclai
678 3739 950 3831 permanendae
970 3741 1126 3811 exercita
1145 3738 1389 3810 barbarronnr

299 3843 534 3932 conprepatO,
552 3840 634 3929 ipsa
653 3837 710 3908 die
725 3861 867 3909 summo
882 3837 1043 3927 diluenlo
1059 3847 1193 3911 terram
1207 3837 1390 3912 Nazareth

256 3974 259 3978 ν
298 3939 537 4033 intraverant,
554 3943 740 4011 vastantes
755 3944 791 4009 et
802 3937 1040 4032 depredantes
1054 3962 1133 4026 earn
1149 3938 1196 4009 ab
1210 3943 1292 4032 ipsa
1306 3944 1390 4012 eivi-

299 4041 375 4108 tute
388 4044 532 4134 saneta,
546 4041 583 4110 in
597 4061 670 4134 qna
686 4037 836 4134 anqelns
851 4038 998 4112 Gabriel
1010 4039 1241 4114 beatissimae
1257 4040 1286 4113 V
1282 4043 1391 4136 irpini

177 4211 188 4239 ς
299 4159 323 4238 1)
342 4161 504 4222 Raimundo.
