3100 4872
376 303 384 310 '⁵
485 350 891 426 wurncamuusis.
1021 366 1023 369 ·
1185 356 1230 429 21

52 572 56 610 ³
137 553 360 650 vennatensi
379 551 663 652 archiepiscopo
682 553 838 650 intruso,
859 554 904 627 de
922 554 1013 628 sede
1032 573 1101 627 sua
1120 579 1232 653 expu-

51 657 55 699 ss'
138 657 195 753 tit,
221 655 302 755 ipse
320 679 406 728 cum
425 653 508 727 aliis
528 653 722 749 catholicis
743 653 971 754 principibus
991 656 1036 727 ab
1056 679 1101 729 eo
1120 654 1232 729 decli·

48 759 52 848 s
141 757 253 853 navit,
281 766 318 830 et
342 755 477 828 amodo
498 780 585 828 eum
603 755 834 829 multimodis
852 754 1080 852 inquietavit.
1125 755 1229 831 Undc
1278 845 1279 848 Ἴ

48 921 50 930 ,
137 867 288 933 etcum
314 853 500 955 Sigelrido
530 855 759 955 Augustensi
791 856 989 954 episcopo,
1027 854 1089 952 qui
1119 857 1228 955 parti,

45 971 50 1048 ὲ
137 959 253 1032 immo
281 956 544 1030 inhumanitati
571 957 650 1030 eius
681 958 849 1055 favebat,
886 956 948 1028 diu
976 966 1013 1042 et
1045 957 1228 1032 acerrime

136 1057 335 1133 dimicavit.
376 1057 498 1145 Quem
515 1059 666 1132 tandem
684 1083 771 1132 oum
789 1056 917 1131 multis
935 1056 973 1129 in
991 1056 1140 1132 civitate
1159 1083 1227 1132 sua

135 1159 452 1258 comprehensum
470 1157 508 1230 in
525 1157 674 1232 vincula
691 1159 789 1260 iecit,
809 1170 847 1232 et
863 1158 902 1230 in
920 1168 1043 1231 castro
1063 1159 1318 1236 Remus-1084.

44 1311 51 1363 t
134 1261 254 1358 purch
272 1260 513 1332 cathenatum
531 1259 649 1332 multo
668 1270 839 1358 tempore
858 1259 1102 1333 conservavit.
1132 1259 1227 1334 Civi-

44 1379 47 1423 ῑ
134 1371 253 1434 tatem
275 1384 423 1458 quoque
442 1361 600 1434 eandem
618 1361 735 1459 preda
754 1371 791 1434 et
816 1359 987 1434 incendio
1007 1361 1223 1435 devastavit.

134 1461 289 1560 Accepit
308 1471 433 1534 autem
452 1460 623 1558 reginam
641 1461 775 1560 Anglie
793 1472 882 1534 tunc
900 1460 1087 1558 viduam1,
1105 1461 1224 1535 filiam

134 1562 278 1636 scilicet
288 1559 515 1634 Balduwini²
529 1561 751 1636 nobilissimi
766 1561 913 1638 comitis
927 1561 1111 1659 flandrie,
1130 1561 1225 1635 ludi·

43 1701 44 1706 *
132 1664 239 1738 tham
257 1662 294 1735 in
313 1685 479 1734 uxorem.
516 1657 577 1734 Ex
589 1687 663 1759 qua
677 1663 770 1735 duos
784 1662 897 1759 filios,
911 1663 1136 1737 Guelfonem
1154 1663 1224 1736 soi·

42 1759 46 1771 ’
130 1763 221 1838 licet
239 1774 277 1836 et
294 1760 528 1857 Heinrioum,
544 1787 704 1860 quorum
722 1774 878 1860 uterque
897 1764 1074 1836 ducatum
1091 1762 1232 1838 Baioa-¹¹

42 1869 43 1872 ’
132 1863 212 1937 riae
231 1864 326 1936 alter
343 1873 430 1961 post
448 1863 608 1936 alterum
625 1866 865 1963 possederam,
890 1864 1101 1963 progenuit.
1140 1865 1231 1938 vHic·

130 1974 191 2038 est
216 1964 292 2059 ille,
319 1963 380 2061 qui
406 1963 548 2063 primus
577 1990 622 2038 ex
649 1965 799 2062 nostris
824 1990 868 2039 eo
888 1967 986 2062 quod
1012 1964 1222 2039 fautoribus

39 2063 46 2090 ”
82 2089 84 2092 ’
131 2064 210 2137 suis
224 2065 262 2136 in
276 2074 332 2136 tot
346 2065 660 2138 commotionibus
675 2067 861 2140 bellorum
875 2065 1003 2164 predia
1018 2089 1088 2138 sua
1102 2065 1222 2138 distri-

39 2163 43 2168 ’
131 2166 277 2239 buendo
313 2175 490 2264 paternos
514 2167 667 2240 'reditus
699 2165 937 2262 comminuit,
974 2191 1107 2238 manus
1132 2191 1220 2240 suas

37 2281 40 2354 ζ
81 2358 84 2363 Γ
132 2265 319 2364 episcopis
339 2276 376 2338 et
394 2266 588 2338 abbatibus
607 2267 765 2364 prebuit,
794 2277 831 2341 et
848 2265 1030 2340 beneficia
1047 2292 1123 2340 non
1141 2293 1221 2340 mo·

127 2367 212 2438 dica
232 2369 276 2438 ab
296 2365 349 2438 eis
368 2365 519 2463 recepit.
567 2364 708 2440 Omnes
739 2368 999 2466 possessiones
1031 2366 1221 2444 Liutholdi

35 2537 38 2552 .
129 2465 298 2559 'comitisp
325 2490 417 2560 quas
444 2465 673 2565 inpartibus
698 2468 780 2540 istis
807 2469 957 2565 habuit,
983 2479 1109 2566 preter
1135 2469 1220 2542 illas

34 2564 38 2616 ἶ
128 2590 223 2664 quas
255 2567 292 2639 in
324 2565 531 2644 Zviviltun³
557 2578 685 2640 sancte
713 2569 829 2642 Maria
861 2569 1101 2664 contradidit,
1133 2595 1220 2642 cum

34 2721 37 2729 -
129 2670 274 2740 duobus
293 2667 426 2740 castris
440 2667 598 2742 Achalm
613 2679 650 2742 et
662 2668 936 2768 Wulvelingem
955 2669 1038 2769 ipso
1057 2671 1219 2744 donante

127 2768 305 2867 possedit.
357 2768 626 2842 Patrimonium
653 2795 801 2867 quoque
827 2769 973 2866 comitis
999 2769 1146 2858 Ottonis
1172 2773 1217 2845 de

29 2957 30 2964 ἵ
128 2869 328 2942 Rouehorn
348 2894 392 2942 eo
411 2869 558 2944 vivente
582 2881 621 2944 et
645 2873 742 2944 bona
759 2872 951 2950 voluntate
972 2873 1142 2946 tradente
1161 2897 1217 2947 re-

30 3008 31 3012 *
127 2968 282 3067 cepitet
301 2969 469 3042 obtinuit.
523 2970 691 3068 Denique
710 2997 796 3045 cum
824 2974 870 3045 ad
896 2972 1052 3046 senilem
1078 2983 1217 3048 etatem

28 3107 33 3156 ÷.
126 3069 292 3144 venisset
310 3080 348 3143 et
365 3070 754 3145 Raitenbouchensem
773 3073 973 3146 ecclesiam
998 3085 1216 3158 construere

28 3164 33 3254 ,i
100 3189 103 3192 ·
125 3171 291 3269 cepisset
309 3182 345 3244 et
364 3170 455 3243 satis
474 3171 626 3269 copiose
641 3173 820 3271 dotasset,
839 3173 1052 3248 Altorfense
1067 3199 1215 3272 quoque

28 3267 32 3282 ”
125 3269 397 3344 monasterium
415 3271 565 3370 prediis,
584 3272 738 3346 decimis
758 3285 795 3348 et
812 3273 1025 3374 mancipiis,
1053 3283 1215 3370 necnon

24 3453 26 3464 .
124 3383 164 3446 et
183 3371 447 3447 ecclesiasticis
477 3375 706 3448 ornamentis
732 3375 1077 3472 habundantissime
1104 3375 1215 3449 ditas·

24 3481 26 3554 Ϊ
122 3484 196 3572 set,
229 3472 323 3546 alias
352 3473 463 3546 etiam
491 3475 670 3549 ecclesias
698 3477 743 3548 ad
768 3501 809 3552 se
833 3476 1062 3576 pertinentes
1088 3475 1212 3575 aliquo

123 3576 237 3648 modo
257 3574 505 3673 meliorasset,
524 3576 654 3650 volens
668 3577 748 3650 Deo
765 3578 979 3668 excessibus
993 3577 1071 3650 suis
1086 3577 1217 3651 diffici-

24 3673 30 3746 ’ῑ
123 3676 259 3750 liorem
290 3675 585 3751 satisfactionem
612 3677 807 3777 exhibere,
839 3677 1213 3754 Hierosolimitanum

125 3775 196 3848 iter
214 3775 379 3875 arripuit.
433 3776 540 3865 Quod
568 3788 605 3853 et
629 3779 666 3851 in
691 3779 864 3854 maximis
890 3779 1212 3879 persecutionibus

19 3967 20 3976 ἵ
124 3887 165 3948 et
180 3877 355 3997 periculis
369 3878 573 3978 Ungariam
588 3890 625 3954 et
637 3879 810 3955 Greciam
821 3881 1007 3954 transiens
1021 3880 1212 3978 persolvit.

19 3983 20 3992 ’
122 3973 348 4075 Sepulcrum
363 3978 462 4053 enim
477 3980 626 4053 Domini
645 3992 683 4057 et
699 3983 772 4055 alia
792 3993 922 4055 sancta
940 3982 1023 4054 loca
1038 3982 1210 4056 omnibus
1311 4059 1312 4062 ,

21 4149 22 4157 ¹
49 4153 52 4162 v
125 4129 150 4201 1)
171 4131 255 4184 immo
274 4135 379 4188 viduam
399 4133 502 4206 Tostigi
523 4137 629 4191 comitis
647 4133 869 4198 Northumbriae,
899 4134 988 4190 fratris
1007 4133 1122 4208 Haraldi
1141 4127 1222 4207 regis

19 4199 40 4260 l
119 4203 249 4276 Angliae.
322 4206 349 4278 2)
370 4209 447 4264 buius
467 4211 582 4265 nominis
602 4210 697 4283 quinti.
771 4211 797 4283 3)
817 4207 982 4264 Zvielalteu.
