3100 4872
328 364 649 450 CONTINUATIO
675 361 1077 448 WEINGARTENSIS.
1204 373 1251 448 51

161 579 347 672 apparuit,
362 574 612 673 usq'ueAciro‘r.
640 576 848 672 Ipiturcum
862 581 938 649 tam
946 575 1256 670 pertimescendus

159 685 288 751 rumor
305 678 458 750 auribus
474 677 731 751 venerabilium
754 681 972 751 nunciorum
992 678 1255 774 predictorum,

159 781 322 866 fratrum
341 779 492 852 Girardi
510 779 554 851 de
567 778 740 867 Bidefort
755 782 925 874 mapistri
940 780 1074 874 Templi
1091 787 1127 852 et
1140 783 1255 875 maai*

159 884 228 953 stri
253 880 458 974 Hospitalis
485 886 763 975 dedecorum,
795 883 1002 975 insonaret,
1030 880 1256 953 consulentes

158 979 355 1054 Dominum
391 983 613 1055 exercituum
645 988 682 1053 ct
709 984 749 1054 in
779 1005 820 1052 co
847 979 1066 1068 confidentes
1089 985 1128 1054 in
1151 986 1275 1073 cuius*

159 1087 271 1154 manu
304 1089 360 1154 cst
387 1085 561 1176 uictoria,¹
584 1089 618 1153 et
648 1084 883 1179 antiquorum
908 1084 1015 1168 tacta
1042 1105 1255 1154 commemo·

158 1189 302 1277 rantes,
335 1189 648 1278 conprepaocrunt
671 1182 856 1255 modicam
884 1181 1068 1255 cohortem
1091 1182 1256 1255 christia·
1294 1197 1298 1208 '

159 1289 290 1355 uorum
309 1307 390 1357 cum
407 1283 490 1378 ipsa
503 1285 768 1378 patrimonium
785 1282 917 1356 Christi
935 1286 1116 1378 cupientes
1134 1282 1256 1370 desen·

160 1383 254 1457 dere.
289 1383 469 1456 Errantes
488 1407 573 1480 erpo
592 1383 637 1455 de
655 1383 817 1480 quodam
836 1383 986 1456 castello
1007 1384 1140 1479 Templi
1158 1381 1256 1479 quod

158 1483 284 1555 Faba¹
310 1490 553 1580 nuncupatur,
581 1484 795 1557 diremerunt
816 1487 912 1557 acies
935 1507 1026 1557 suas
1043 1492 1172 1557 contra
1190 1486 1256 1558 iui-

159 1586 272 1657 micos
299 1587 481 1680 crucifici,
510 1592 546 1657 et
569 1584 808 1657 obviaverunt
830 1588 881 1657 cis
904 1584 1006 1657 ultra
1023 1584 1200 1658 Nazcretlt
1218 1587 1256 1658 iu

159 1684 240 1757 loco
268 1688 330 1781 qui
356 1685 491 1758 dicitur
515 1684 620 1758 Casel
643 1685 816 1759 moerin
861 1685 950 1758 Ilico
976 1689 1256 1759 communientes

158 1809 197 1858 se
220 1789 324 1882 siquo
350 1793 502 1859 sanctae
529 1789 647 1858 crucis
673 1785 850 1858 dicentes:
877 1786 983 1859 nobis
1004 1789 1132 1860 vivero
1152 1788 1255 1860 Chri-

160 1898 240 1958 stus
269 1897 329 1959 est
354 1897 391 1959 et
410 1887 503 1959 mori
522 1888 682 1980 tucrum,
709 1890 921 1959 inuaserant
942 1910 1027 1980 cos3
1054 1894 1090 1960 ct
1104 1895 1256 1982 propter

155 1991 311 2081 peecata
339 1987 622 2060 christianorum
649 1986 752 2060 dedit
771 2013 833 2061 eos
857 1978 1036 2061 Dominus
1060 1990 1097 2059 iu
1123 2011 1255 2061 manus

158 2091 389 2161 inimicorum
414 2092 588 2182 suorum5
623 2094 659 2160 et
682 2087 889 2160 ceciderunt
913 2090 951 2159 in
977 2087 1095 2160 medio
1123 2112 1254 2183 campo

158 2190 335 2285 mapister
359 2188 566 2284 Hospitalis
593 2195 629 2259 et
650 2190 769 2274 frater
794 2186 998 2261 Robbertus
1021 2187 1186 2285 Frouiel,
1221 2196 1257 2262 et

158 2291 278 2377 frater
295 2288 516 2386 Laquelinus
534 2287 579 2360 de
598 2287 689 2360 Mali
707 2295 743 2360 et
753 2288 881 2382 plures
899 2289 965 2361 alii
981 2293 1146 2362 strennui
1162 2289 1255 2362 mili·

159 2397 235 2484 tcs5
266 2392 379 2484 pauci
404 2393 489 2463 ocr'o
519 2396 622 2486 torpa
648 2396 823 2463 uertentes
849 2392 978 2486 sapam
1007 2393 1253 2485 arripucrunt.

158 2491 299 2563 Inimici
316 2513 457 2588 quoquc
475 2490 619 2584 Christi,
645 2488 805 2562 collectis
823 2493 1099 2576 interfectorum
1114 2490 1254 2586 spoliis,

158 2594 289 2676 flumen
314 2590 487 2664 Iordanis
503 2592 759 2665 transiuerant.
782 2607 786 2612 ·
809 2589 905 2680 (laid
924 2591 1063 2684 plura?
1088 2591 1146 2662 Ec
1170 2598 1255 2664 tune

152 2685 334 2765 ‘uastabat
358 2693 454 2779 foris
479 2690 626 2789 pladius
644 2697 679 2763 et
694 2694 792 2764 intus
806 2714 936 2785 pauor.
978 2692 1127 2764 Interim
1144 2690 1254 2764 Sala·

160 2792 268 2865 dinus
293 2793 492 2866 combustis
518 2794 696 2865 umversis
722 2791 892 2887 trupibus
918 2792 1192 2887 clarioribus,
1220 2800 1256 2866 ct

158 2897 270 2967 uineis
288 2897 476 2988 cudrpatis
494 2895 626 2966 montis
645 2900 739 2966 terre
756 2893 903 2991 reputa,
926 2916 1091 2967 reversus
1109 2901 1164 2966 cst
1179 2893 1254 2964 Da·

159 3015 335 3089 moseum,
351 3002 384 3066 et
398 2997 539 3066 interim
549 2999 706 3066 caercitu
716 2993 958 3087 multiplicato
969 2997 1072 3067 cuius
1081 2999 1253 3068 numerus

157 3095 348 3166 numerum
370 3092 575 3188 accedebat,
602 3097 699 3166 uenit
722 3092 773 3165 ad
795 3101 943 3187 pontem
962 3094 1192 3188 Tyberiadis5
1219 3102 1256 3166 ct

158 3197 241 3282 fiais
259 3198 421 3268 tentoriis
438 3197 576 3267 mansit
589 3194 650 3289 ibi,
677 3200 713 3267 et
724 3201 812 3289 post
822 3193 1005 3288 plurimos
1022 3193 1099 3266 dics
1117 3202 1253 3268 terram

159 3319 241 3367 curn
260 3298 360 3369 omui
377 3297 533 3368 exercitu
545 3318 613 3368 suo
627 3297 786 3389 intrauit,
806 3302 841 3368 ct
853 3293 1087 3389 Tyberiadem
1101 3295 1252 3391 obsedit,

159 3403 303 3490 etpost
322 3395 417 3468 dian
444 3399 589 3469 tertium
614 3399 795 3469 civitatem
818 3399 854 3468 oi
880 3398 983 3490 cepit.
1035 3395 1112 3469 Rea
1129 3403 1252 3469 autem

158 3496 541 3592 Hierosolimitanus³‚
568 3500 630 3592 qui
656 3520 737 3569 cum
761 3499 919 3569 exercitu
943 3521 1011 3570 suo
1038 3496 1089 3569 ad
1112 3499 1251 3584 sontem
1297 3547 1298 3551 =

160 3597 335 3686 Satoriae
361 3601 519 3671 tentoria
546 3605 580 3670 et
598 3596 803 3692 papiliones
820 3601 955 3686 ficerat
969 3597 1025 3670 oel
1042 3597 1250 3694 tetenderat,

159 3722 343 3772 rumorem
373 3696 527 3770 audiens
557 3703 704 3793 accepto
736 3698 887 3770 consilio
919 3717 943 3768 α
976 3698 1188 3790 templariis
1218 3705 1254 3771 et

158 3799 423 3893 Hospitalariis
450 3805 485 3870 ct
507 3801 633 3871 ceteris
646 3798 774 3893 probis
790 3797 1007 3894 homiuibus,
1034 3801 1253 3871 existimauit

160 3897 347 3993 dispositis
374 3901 504 3973 turmis
529 3901 605 3972 suis
632 3900 768 3971 ciuitati
784 3921 1006 3972 succurrere.
1047 3898 1250 3972 Saladinus
1306 3973 1311 3980 ,

158 4023 243 4073 uero
262 3996 416 4074 audiens
432 4025 552 4097 repom
571 4001 774 4094 oenimtem,
797 4003 960 4094 perrecit
982 3999 1126 4073 obviam
1148 4001 1191 4096 ci,
1218 4008 1254 4073 et

160 4153 184 4224 1)
204 4154 230 4207 la
250 4151 328 4208 Five.
414 4155 440 4220 2)
462 4155 551 4211 Castel
566 4154 665 4211 Roiani
682 4153 826 4222 legendum
845 4155 949 4209 consuit
966 4153 1051 4221 Hess;
1070 4172 1158 4226 pugna
1178 4153 1249 4208 facta

159 4235 200 4282 ost
219 4231 252 4282 ad
272 4225 383 4282 fluvium
403 4225 532 4283 Kischon.
606 4227 633 4302 3)
653 4225 735 4281 Wido
754 4231 788 4282 de
806 4225 951 4303 Lusignan.

950 4299 999 4380 4*
