3100 4872
296 400 346 478 54
614 397 826 475 Huuuurs
853 401 1079 478 CHRONlCl
1117 413 1122 420 ’

297 601 364 674 rici
391 602 495 675 ducis
518 601 694 676 videlicet
720 613 758 674 et
781 602 1019 676 woulfhildis
1046 602 1165 701 filius,
1193 630 1306 680 carne
1336 631 1395 678 so-

296 703 398 776 lutus
421 703 597 801 migravit
615 729 636 776 a
656 704 796 777 seculo.
839 704 879 776 ln
909 728 982 803 quo
1009 705 1183 778 nobilitas
1211 707 1395 781 Altorfen-

299 803 398 878 sium
412 828 487 876 non
502 804 740 878 mediocriter
755 805 943 903 completa
958 805 1078 880 desiit.
1096 806 1269 881 Innatam
1285 807 1396 904 siqui-

298 908 386 978 dem
400 905 629 979 nobilitatem
644 905 823 980 virtutum
838 906 1221 1006 ampliavitmoribu8‚
1236 906 1395 983 seculari

300 1007 414 1080 etiam
442 1006 621 1104 dignitate
649 1007 871 1105 plenissime
896 1007 1101 1105 praeditus,
1130 1009 1227 1082 circa
1255 1019 1394 1082 statum

299 1106 477 1205 spiritalis
514 1107 611 1179 vitae
648 1132 796 1181 summa
828 1107 984 1206 vigilare
1018 1109 1158 1182 studuit
1194 1109 1396 1224 diligentia.

299 1209 396 1296 Quid
422 1207 551 1314 plura?
582 1207 668 1281 Cott
670 1209 741 1282 idle
766 1234 975 1308 pauperum
1002 1211 1231 1283 continuavit
1260 1235 1397 1308 expen

300 1333 378 1405 sas7
405 1321 517 1406 atque
542 1309 648 1382 donis
668 1308 948 1383 munificentiae
968 1335 1060 1383 suae
1080 1312 1396 1386 monasterorum

300 1410 361 1482 vel
374 1408 647 1490 aecclesiarum
664 1411 825 1484 discrete
840 1412 1029 1509 supplevit
1043 1412 1297 1510 indigentiam.
1321 1413 1397 1483 Mo-

300 1510 465 1584 nasterio
487 1511 626 1583 etenim
645 1510 912 1608 Winigartensi
933 1512 1186 1610 principaliter
1213 1540 1235 1586 a
1263 1537 1397 1612 paren·

300 1615 398 1685 tibus
414 1611 492 1684 suis
507 1613 673 1709 fundato,
690 1613 844 1710 speciali
857 1615 1123 1686 condescendit
1134 1613 1398 1708 benivolentia,

301 1724 339 1787 et
365 1713 540 1785 fratribus
567 1715 647 1785 Deo
676 1725 713 1786 et
739 1725 869 1787 sancto
833 1715 1057 1787 tlldartino
1076 1715 1212 1788 ibidem
1234 1715 1399 1788 servien-

300 1814 398 1887 tibus
427 1813 523 1885 inter
551 1812 622 1884 alia
650 1813 832 1887 beneficia
857 1815 1005 1888 tradidit
1031 1817 1153 1914 Berge
1182 1826 1219 1889 et
1204 1816 1398 1890 tWillare

302 1938 387 1988 curn
415 1938 489 1985 non
517 1913 663 1987 modica
689 1915 829 1987 familia
854 1925 892 1987 et
915 1917 993 1989 suis
1019 1913 1261 2014 appendiciis.
1314 1917 1399 1988 Fra·

300 2015 417 2088 tribus
438 2014 551 2087 etiarn
570 2014 607 2086 in
622 2017 753 2128 dugea
773 2040 839 2114 pro
858 2016 1025 2090 remedio
1041 2017 1189 2090 animae
1206 2040 1297 2090 suae
1314 2041 1400 2088 con-

302 2116 385 2188 tulit
412 2115 641 2213 praedium
632 2115 972 2190 mFidanshovin1
1016 2117 1055 2189 ln
1076 2118 1265 2190 montanis
1286 2117 1399 2190 etiarn

305 2217 509 2289 claustrum
535 2214 768 2313 Steingadim
791 2201 928 2291 dictum
949 2243 968 2288 a
989 2217 1165 2315 primaria
1184 2217 1399 2291 fundatione
1516 2245 1519 2250 λ

310 2317 429 2390 consti
433 2316 519 2430 tuitp
547 2318 644 2414 quod
670 2341 762 2390 suae
790 2318 949 2416 providit
975 2319 1212 2416 sepulturae,
1240 2323 1336 2416 quod
1366 2329 1403 2390 et

312 2417 595 2490 consecratione
611 2428 648 2489 et
661 2419 777 2490 multa
793 2421 878 2490 dote
893 2417 1030 2490 ditavit
1055 2420 1196 2533 Quibus
1213 2443 1258 2491 ex
1274 2420 1401 2492 ordine

305 2544 431 2592 rerum
451 2513 504 2590 ita
520 2519 725 2632 dispositis,
761 2519 968 2593 nobilet
904 2530 968 2616 pat
971 2520 1169 2592 rimonium
1190 2545 1274 2592 curn
1294 2543 1400 2617 prae-

207 2619 208 2622 ’
305 2619 374 2693 diis
389 2643 537 2691 necnon
553 2619 756 2693 advocatiis
773 2630 811 2692 et
797 2619 1401 2694 tministerialibusFridericollo·

306 2744 503 2792 manorum
532 2719 762 2817 inperatori,
788 2720 864 2792 filio
891 2721 1064 2794 videlicet
1050 2723 1228 2795 tsororis
1253 2745 1344 2793 suae
1364 2730 1402 2793 et

305 2820 380 2892 lilio
407 2819 504 2892 illius
524 2819 708 2892 Friderico
729 2821 813 2894 duci
831 2821 1041 2895 Suevorum
1062 2826 1130 2895 sub
1149 2823 1229 2894 iure
1248 2845 1401 2919 posses·

307 2921 423 3008 sionis
450 2919 615 2993 contulit.
660 2921 801 3008 Quibus
828 2921 864 2993 in
884 2921 1128 3019 expedicione
1148 2921 1401 2995 Hierosolinri-

306 3033 393 3094 tana
415 3021 587 3118 mortuis,
606 3021 704 3094 idem
721 3023 842 3094 Welfo
862 3033 1017 3121 propter
1030 3025 1197 3097 innatam
1212 3022 1401 3095 familiari-

306 3135 421 3197 tatem
442 3133 479 3194 et
498 3123 833 3220 consanguinitatis
852 3124 1005 3218 lineamp
1033 3126 1264 3221 praedictum
1290 3123 1401 3222 patri·

307 3224 475 3298 monium
504 3248 588 3295 curn
617 3224 788 3297 omnibus
817 3225 895 3298 suis
914 3225 1149 3322 pertinentiis
1170 3224 1343 3297 Heinrico
1361 3223 1402 3294 il-

307 3325 413 3398 lustri
439 3325 693 3396 Romanorum
722 3324 936 3422 imperatori
968 3329 1037 3398 sub
1064 3323 1289 3397 hereditaria
1317 3349 1401 3422 pos-

187 3493 188 3496 ,
308 3426 481 3499 sessione
502 3425 732 3499 contradidit.

431 3525 580 3614 Diffusa
599 3526 673 3598 late
697 3525 898 3613 Wclfonum
915 3525 1116 3622 nobilitate,

345 3627 350 3637 ’
433 3625 585 3702 Nomine
598 3632 805 3722 postremus
823 3625 901 3698 obit
917 3633 950 3700 ct
966 3630 1099 3701 virtute
1116 3649 1315 3721 supremus,

361 3765 364 3770 ·
435 3726 591 3799 ‚Sublato
610 3730 701 3813 fatis
718 3727 786 3800 hoc
799 3729 964 3822 principe
981 3728 1193 3822 nobilitatis

437 3829 563 3900 Gloria
581 3827 778 3899 multorum
797 3831 873 3900 ruit
888 3835 924 3900 et
939 3828 1003 3900 luc
1021 3853 1137 3901 ouran
1154 3825 1316 3900 morum!

436 3927 621 4023 Plnnpunt
638 3928 760 4000 orbati
778 3931 888 4000 citum
907 3927 1011 4001 ducis
1029 3931 1232 4023 incinerati,
1461 4016 1467 4028 ἱ

435 4026 566 4100 Mortis
584 4031 621 4101 in
639 4028 755 4100 edicto
774 4033 835 4125 qui
851 4033 1003 4102 uiuimus
1022 4028 1150 4116 ordine
1166 4033 1263 4124 ficte,
1338 4025 1340 4030 ’
1416 4053 1418 4060 ‘

436 4128 611 4204 Lubirnur
628 4135 670 4204 ut
683 4132 819 4228 ferrura,
845 4154 926 4202 cum
942 4132 1067 4215 dorem
1081 4129 1206 4228 perdit
1222 4139 1400 4205 amenum.

311 4252 335 4325 1)
356 4253 510 4315 Fidazltolc.
