3100 4872
334 383 384 458 36
621 375 847 463 HISTORIA
872 376 1147 496 wttsonutr

333 579 603 656 deliberatione
631 577 879 654 confirmavit.
932 578 1011 653 Rex
1038 603 1130 677 ergo
1155 590 1314 679 ‘accepto
1346 603 1437 653 con·

332 681 416 754 silio
430 679 607 758 Guelfoni
626 679 773 776 aliquos
791 674 934 754 reditus
953 680 999 754 de
1013 679 1107 752 fisco
1121 679 1229 778 regni
1244 705 1331 754 cum
1343 680 1437 754 villa

331 779 577 880 Mardingen¹
597 778 805 878 concessit,
820 804 878 853 vac
896 779 950 852 sic
969 780 1194 854 confirmata
1209 805 1323 879 pace,
1350 781 1435 880 ipse

242 883 369 956 usain
396 881 499 956 brevi
526 891 613 979 post
628 881 706 954 vita
724 880 931 979 decedens,
956 880 1144 954 Friderico
1164 881 1334 954 fratrueli
1362 905 1433 954 suo

333 983 463 1058 sedern
488 981 597 1080 regni
621 980 783 1079 reliquit.
844 979 917 1068 Qui
944 981 1129 1054 avunculo
1158 980 1435 1057 suo.Guelfoni

333 1080 544 1156 marchiam
575 1081 731 1178 Tuscia,
768 1081 947 1153 ducatum
978 1078 1142 1179 Spoleti,
1178 1080 1436 1180 principatum

333 1181 548 1279 Sardiniae,
577 1183 731 1254 domum
759 1180 951 1255 comitisse
969 1181 1160 1255 Mabtildis
1187 1182 1224 1255 in
1249 1181 1434 1256 beneficio
1541 1218 1543 1264 ;

332 1282 503 1376 tradidit,
535 1281 678 1356 reditus
704 1291 833 1354 tamen
860 1281 945 1354 illos
969 1281 1014 1354 ad
1033 1280 1169 1355 fiscum
1187 1281 1433 1381 pertinentes,
1541 1301 1543 1386 ,

333 1407 496 1480 quorum
531 1383 608 1455 iam
646 1381 879 1455 mentionem
908 1382 1130 1480 habuimuS,
1166 1383 1433 1456 nichilominus
1541 1391 1543 1462 l

333 1482 486 1582 recepit.

290 1585 292 1588 ’
434 1585 494 1658 29.
544 1581 664 1679 Igitur
682 1581 925 1682 dignitatibus
942 1582 1215 1681 prenominatis
1234 1584 1434 1682 suseeptiS,

333 1681 482 1755 ltaliam
508 1681 638 1779 intrat,
666 1706 711 1755 ac
739 1682 928 1779 civitateS,
956 1682 1113 1756 castella
1137 1707 1205 1758 seu
1228 1683 1338 1756 villas
1365 1708 1434 1784 per

333 1792 455 1856 totam
483 1782 637 1855 domurn
659 1781 850 1856 Mahtildis
877 1783 1155 1880 pertransiens,
1183 1784 1338 1883 negotia
1361 1795 1434 1858 ter·
1542 1847 1543 1878 ,

333 1908 398 1956 rae
425 1881 584 1956 civiliter
607 1892 823 1980 pertractat.
876 1883 930 1954 lbi
953 1883 1070 1982 legati
1089 1884 1136 1958 de
1154 1884 1328 1958 omnibus
1348 1884 1435 1958 civi·
1542 1883 1543 1886 ’

332 1982 471 2056 tatibus
494 1982 652 2057 Tusciae
680 2006 852 2057 necnon
880 1993 917 2056 et
945 2009 991 2057 ex
1019 1984 1192 2057 omnibus
1221 1985 1433 2060 civitatibus
1542 2041 1543 2048 κ

333 2083 480 2182 Spoleti
500 2083 653 2157 adeum
670 2082 864 2158 venientes
884 2106 929 2155 ac
947 2108 1105 2157 munera
1128 2085 1315 2184 condigna
1342 2086 1434 2161 offe·

315 2193 471 2280 -renteS,
491 2183 764 2258 subiectionem
781 2183 1034 2257 voluntariam
1052 2184 1286 2281 promittunt.
1305 2235 1306 2240 κ
1338 2187 1434 2259 Cum

334 2283 468 2382 quibus
502 2283 653 2356 nuntios
683 2307 773 2357 suos
802 2285 847 2364 ad
880 2308 1013 2358 omnes
1049 2283 1218 2360 civitates
1255 2287 1433 2386 dirigenS,

333 2409 378 2456 ac
403 2407 444 2458 se
470 2383 507 2455 in
535 2383 638 2456 brevi
663 2383 728 2457 illo
753 2394 954 2458 venturum
985 2384 1229 2484 promittenS,
1257 2387 1335 2460 suis
1361 2387 1433 2461 rite

234 2475 320 2604 99139·
334 2483 525 2582 dispositis
544 2483 755 2558 revertitur.
790 2484 880 2557 Post
898 2485 1008 2558 cum²
1025 2486 1255 2584 imperatore
1274 2488 1436 2562 collecta

224 2568 322 2678 achabi.
335 2583 572 2660 multitudine
591 2594 733 2658 terram
758 2585 985 2684 ingreditur,
1015 2585 1115 2659 acin
1135 2587 1327 2662 obsidione
1347 2588 1434 2662 Cre-

333 2685 456 2768 mensi
480 2709 599 2784 usque
625 2685 670 2757 ad
697 2685 991 2760 destructionem
1020 2687 1191 2762 eiusdem
1219 2685 1354 2761 castri³
1379 2688 1434 2760 in·
1540 2733 1543 2782 ,

334 2795 515 2869 moratur.
568 2785 711 2858 Deinde
730 2794 851 2857 totam
874 2785 1048 2859 militiam
1073 2788 1239 2861 suam‘in
1257 2787 1434 2876 Tusciam
1541 2785 1543 2880 ξ

334 2909 504 2980 movenS,
525 2883 733 2957 maximum
752 2897 979 2959 conventum
998 2889 1096 2986 apud
1116 2887 1298 2983 Sanctum
1314 2889 1436 2962 Gene·

335 2983 458 3057 siunt
483 2983 623 3057 habuit.
677 2984 731 3057 lbi
762 2987 965 3059 baronibus
994 2999 1120 3062 terrae
1155 2989 1255 3062 illius
1288 3000 1435 3088 septem

315 3085 536 3176 ¹'comitatus
557 3109 643 3158 cum
670 3096 728 3158 tot
750 3085 896 3160 vexillis
917 3087 1033 3186 dedit,
1061 3089 1196 3164 ceteris
1224 3089 1435 3163 nichilomi-
1510 3123 1538 3174 ·.

334 3209 406 3258 nus
426 3188 471 3258 de
490 3185 702 3260 civitatibus
730 3209 798 3260 seu
826 3188 991 3264 castellis
1012 3190 1118 3264 adse
1145 3189 1435 3289 confluentibus,

173 3282 175 3286 ’
238 3379 239 3384 ¹
334 3285 537 3383 unicuique
552 3287 651 3381 quod
666 3309 778 3359 suurn
793 3298 873 3361 erat
888 3289 1026 3361 tribuit.
1062 3289 1189 3363 Simul
1203 3283 1337 3390 etipse
1353 3315 1434 3390 sua,

335 3409 432 3482 quae
452 3387 635 3484 singulae
650 3385 819 3462 civitates
849 3390 894 3461 ad
923 3413 964 3463 se
992 3390 1129 3464 iniuste
1149 3402 1435 3488 ,contraxerant

162 3485 165 3490 ’
244 3496 325 3550 1160.
336 3487 489 3584 recepit.
517 3486 688 3583 Denique
699 3489 1096 3588 conventu‘dissoluto,
1110 3491 1236 3565 Pisam
1249 3493 1288 3565 in
1302 3489 1434 3566 sancto
1542 3539 1543 3580 3

223 3569 324 3696 2969992979
337 3588 493 3659 sabbato
522 3611 608 3660 cum
638 3587 804 3662 maximo
832 3589 954 3663 tocius
983 3590 1143 3686 civitatis
1171 3604 1357 3692 apparatu
1381 3594 1436 3666 in·

264 3683 269 3694 ’
319 3685 525 3786 'greditur,
553 3713 597 3760 ac
615 3688 753 3762 ibidem
771 3691 914 3787 pascha
932 3689 1199 3766 iocundissime
1226 3693 1435 3792 celebrem,
1540 3717 1543 3738 ¹

336 3811 515 3885 egressus
535 3787 620 3862 inde
644 3813 667 3860 a
685 3789 918 3862 Lucensibus
941 3817 1016 3864 non
1039 3793 1175 3866 minori
1193 3793 1355 3893 tripudio
1376 3818 1437 3868 su·
1461 3817 1464 3822 ·
1542 3853 1543 3878 2

336 3887 503 3987 scipitur.
532 3886 669 3986 Sicque
685 3892 729 3962 ab
741 3891 915 3963 omnibus
930 3891 1140 3966 civitatibus
1156 3895 1201 3968 ad
1217 3919 1310 3992 quas
1325 3895 1439 3970 decli·
1542 3939 1543 3962 t

335 3998 492 4065 naverat
508 3988 716 4064 honorifice
735 4002 935 4090 susceptus
955 4003 1067 4090 atque
1085 3994 1253 4096 habitus,
1282 3997 1436 4096 negotia
1542 3995 1543 4004 ³

337 4142 362 4212 1)
383 4141 536 4212 Mertingeo
550 4145 583 4196 ad
597 4143 706 4198 flurium
721 4141 877 4199 Schmutter
890 4163 973 4216 prope
987 4145 1182 4203 Donau'wdrth.
1203 4148 1239 4204 H.
1306 4151 1333 4220 2)
1353 4151 1437 4205 immo
1541 4115 1543 4178 9

335 4225 397 4286 post
415 4217 614 4286 imperatorem.
689 4217 716 4288 3)
737 4235 760 4295 a,
777 4217 856 4272 1160.
878 4237 970 4273 meuse
984 4218 1142 4279 Februario.
1217 4224 1244 4298 4)
1263 4223 1292 4280 S.
1313 4223 1436 4280 (licerio.
