3100 4872
476 358 886 433 WElNGARTENSlS.
1186 364 1233 436 37

133 570 259 634 terrae
286 569 460 659 potenter
486 569 738 659 pertractans,
766 583 931 656 suosque
958 559 1096 659 ubique
1115 560 1153 634 in
1172 586 1234 636 ca·

134 660 255 734 stellis
274 685 342 734 seu
360 661 458 734 villis
478 662 524 733 ad
542 660 679 734 fiscum
704 659 978 759 pertinentibus
1002 661 1233 758 relinquens,

75 781 86 803 ⁹
133 784 265 836 versus
281 763 458 834 ducatum
473 759 618 859 Spoleti
636 761 872 858 procinctum
886 771 1022 836 movet.
1059 761 1112 833 lbi
1132 761 1233 836 simi·

133 861 219 936 liter
238 863 411 936 omnibus
430 864 526 936 bene
544 861 748 960 dispositiS,
776 860 854 936 filio
875 883 944 935 suo
964 861 1141 936 Guelloni
1159 873 1234 938 ter·

134 986 215 1036 ram
240 962 345 1036 illam
365 987 409 1036 ac
429 972 547 1036 totam
565 961 713 1036 ltaliam
742 962 788 1035 ad
817 985 859 1036 se
883 972 1120 1061 spectantem
1146 987 1234 1036 con·

133 1063 255 1159 misit,
293 1064 414 1136 aede
445 1062 523 1136 suis
556 1062 866 1137 strennuissimos
898 1086 1069 1161 quosque
1100 1087 1232 1138 secum

131 1163 370 1260 relinquens,
430 1187 498 1260 per
536 1164 673 1237 vallem
717 1161 973 1236 Tridentinam
1018 1163 1230 1238 revertitur.

21 1273 24 1278 “
133 1263 269 1338 Guelfo
288 1263 543 1362 igitur-iunior
561 1273 662 1338 terra
688 1263 843 1361 potitus,
871 1264 1084 1336 constantia
1103 1263 1233 1361 animi⁷

133 1363 365 1437 districtione
386 1363 528 1460 iudicii,
547 1364 660 1462 largit
662 1373 723 1438 ate
742 1374 780 1437 et
797 1363 996 1438 affabilitat
982 1375 1019 1438 te
1039 1364 1233 1439 inestima-

130 1464 207 1560 bili,
228 1464 402 1537 omnibus
421 1487 462 1538 se
481 1463 752 1576 acceptabilem
770 1464 930 1563 prebuit.
966 1464 1062 1537 Milit
1063 1464 1173 1537 ibus
1163 1489 1235 1538 rm·

131 1563 330 1677 peratorisq
346 1563 408 1662 qui
423 1587 468 1637 eo
483 1576 655 1663 tempore
669 1563 880 1638 civitatibus
895 1565 927 1636 lt
929 1564 1026 1638 aliae
1041 1575 1231 1678 preerant

133 1664 477 1763 quocienscumque
501 1664 595 1738 lines
621 1687 711 1737 suos
735 1664 874 1736 iniusta
903 1665 1151 1763 oppressione
1178 1665 1232 1742 iu·

131 1766 269 1839 vadere
287 1774 577 1862 temptaverant
596 1763 822 1838 omnimodis
844 1788 886 1840 se
906 1765 1101 1864 opposuit7
1121 1775 1159 1840 et
1182 1767 1232 1839 ob

131 1866 205 1939 hoc
224 1863 462 1963 imperatoris
481 1865 667 1938 offensam
686 1887 957 1978 nonuunquam
974 1866 1146 1959 incuriit3
1164 1890 1233 1965 po·

130 1966 302 2062 pularem
324 1975 451 2038 autem
473 1966 642 2079 favorem
661 1989 706 2040 eo
730 1966 854 2064 magis
877 1965 947 2037 sibi
971 1964 1231 2063 accumulans,

133 2065 302 2138 omnium
320 2064 514 2138 civitatum
534 2065 569 2137 in
590 2090 631 2140 se
650 2065 870 2164 provocavit
888 2049 1080 2140 affectum.

233 2169 291 2239 30.
328 2164 382 2238 De
395 2166 590 2238 execranda
598 2188 726 2260 pupna
740 2164 842 2258 opud
857 2166 1043 2261 Tuoinpin.
1080 2164 1230 2240 Interea

130 2264 240 2363 Hugo
273 2265 462 2361 palatinus
494 2289 622 2339 comes
655 2267 700 2338 de
732 2264 927 2363 l'ouingeu
958 2265 996 2337 in
1032 2265 1229 2363 comitatu,

131 2389 243 2460 quem
269 2390 291 2435 a
318 2375 424 2461 patre
449 2364 557 2437 istius
585 2365 825 2463 possederat,
854 2367 1036 2462 quosdam
1056 2367 1102 2440 de
1120 2365 1230 2439 mini·

130 2463 343 2538 sterialibus
363 2464 461 2559 ciue,
486 2465 624 2538 iniusto
653 2475 694 2537 ut
712 2464 817 2537 aiunt
834 2465 970 2539 iudicio
990 2467 1230 2564 dampnatos,

128 2564 296 2662 patibulo
317 2564 523 2662 suspendit
544 2590 587 2640 ac
602 2574 769 2638 castrum
785 2566 1226 2678 eorundemllloringeu¹

130 2665 322 2740 destruxit
376 2665 446 2737 Pro
467 2689 540 2761 quo
556 2664 628 2737 dux
644 2664 780 2738 Guelfo
800 2665 1035 2762 querimonia
1055 2689 1142 2740 eum
1159 2665 1228 2739 im·

73 2855 76 2862 .
128 2776 261 2864 petens
280 2774 318 2838 e
341 2789 410 2862 pro
430 2765 688 2839 satisfactione
706 2765 850 2839 humile
868 2768 914 2838 ab
934 2790 979 2839 eo
981 2788 1226 2880 'responsum

128 2865 334 2964 recipiens,
362 2875 404 2936 ut
431 2875 512 2939 erat
538 2864 885 2964 mansuetissimus
914 2865 988 2939 ab
977 2891 1079 2980 impe
1082 2866 1228 2963 titione⁷

125 2965 216 3042 licet
234 2965 506 3063 querimoniam
526 2990 601 3038 non
620 2967 844 3064 deponeret
863 2966 1035 3040 cessavit.
1081 2967 1227 3042 Deinde

127 3064 333 3179 procedent
336 3091 356 3138 e
376 3076 548 3178 tempore
566 3076 674 3164 pater
692 3065 812 3139 lilium
831 3066 877 3140 de
895 3066 927 3138 lt
930 3066 1003 3140 alia
1021 3067 1226 3163 revocavit

40 3233 43 3238 A
127 3167 283 3266 ipseque
308 3165 429 3239 illoit
414 3177 520 3238 turus
548 3176 585 3240 et
609 3165 768 3278 negocia
794 3176 918 3240 terrae
942 3191 1010 3264 per
1029 3190 1070 3241 se
1089 3177 1226 3241 tracta·

127 3277 247 3356 turus
266 3266 343 3338 filio
363 3291 475 3340 omne
492 3264 773 3364 patrimonium,
794 3277 830 3340 et
847 3267 1110 3380 possessiones
1130 3290 1225 3363 quas

128 3393 174 3442 ex
198 3377 305 3464 parte
323 3377 401 3439 mat
403 3366 455 3439 ris
477 3366 673 3440 habiturus
692 3377 789 3464 erat
815 3391 861 3440 ex
885 3367 1032 3466 integro
1060 3366 1222 3441 tradidit.

128 3467 266 3566 Sicque
284 3467 361 3540 fact
346 3478 427 3540 tum
446 3479 521 3564 est
547 3478 588 3541 ut
611 3423 811 3542 recedenle
834 3477 957 3566 patre,
985 3467 1121 3541 Guelfo
1140 3493 1225 3566 pre·

125 3569 243 3642 fatam
272 3567 546 3666 querimoniam
571 3578 790 3654 renovaret
818 3578 856 3642 et
881 3566 1090 3666 palatinum
1114 3567 1223 3641 illum

127 3693 195 3768 pro
231 3667 489 3742 satisfactione
520 3669 647 3766 sepius
676 3693 720 3742 ac
746 3667 874 3766 sepius
904 3669 1101 3766 inpeteret
1076 3667 1224 3780 tllle

2 3746 6 3760 ’
36 3833 44 3846 ,
127 3779 253 3844 autem
280 3793 355 3842 non
380 3767 520 3841 tamin
547 3769 625 3841 suis
645 3793 875 3882 suorumque
893 3768 1034 3842 viribus
1052 3791 1166 3866 quam
1184 3767 1222 3840 in

126 3869 302 3984 Friderici
322 3868 438 3964 ducis,
457 3868 525 3942 filii
539 3869 726 3942 Counradi
744 3871 858 3968 regie,
878 3868 1084 3966 confidens,
1103 3867 1166 3965 qui
1185 3877 1224 3941 et

127 4053 152 4124 l)
171 4051 332 4122 ldthringen
351 4053 401 4106 aut
418 4055 470 4106 den
489 4048 612 4117 Fildern‚
633 4053 819 4123 praefecturae
839 4051 983 4122 stuttgart:
1013 4051 1156 4105 comitatus
1175 4049 1222 4104 ille

124 4126 207 4198 igitur
227 4126 253 4179 in
274 4143 342 4196 pago
362 4123 508 4196 Glemsgau
528 4126 580 4180 luit
599 4135 625 4180 et
645 4143 675 4179 ex
697 4127 758 4180 dote
777 4125 878 4190 uxoris,
905 4124 1059 4180 comitissae
1080 4127 1114 4178 de
1133 4123 1222 4190 Kalw,

126 4201 159 4253 ad
180 4197 332 4258 Wellonem
349 4199 507 4269 pervenisse
525 4198 640 4252 videtur.
680 4197 736 4253 cfr.
758 4197 843 4253 Sutia
865 4197 898 4262 ll,
918 4197 983 4251 374.
