3100 4872
317 355 364 426 48
632 347 862 424 CHRONlCl
884 348 1101 424 HUGONlS

316 554 459 624 curiam
470 551 827 647 Francofurclensem
841 575 876 625 a.
895 555 1003 628 1208.
1018 551 1108 626 Noa.
1123 557 1180 626 11.
1197 553 1417 627 celebratam

315 651 453 725 adiecit
469 651 609 752 (Regis
620 678 709 730 vero
728 653 859 727 relicta
881 693 926 708 -
946 652 1087 752 potitus
1107 657 1194 749 est).
1230 653 1313 727 Has
1332 679 1415 727 con·
1517 736 1519 745 ¹

276 817 278 822 .
315 755 539 830 tinuationes
563 757 683 848 operis
699 753 858 831 Honorii
875 753 1028 828 Hessius
1055 754 1321 827 continuationi
1336 755 1415 826 Ha·
1490 779 1492 784 ·
1517 824 1519 835 ,

313 856 420 949 ponis
432 876 472 947 p,
483 857 633 929 71-76
651 854 828 948 subnectit,
847 878 916 928 nos
931 861 1053 927 tamen
1066 857 1168 941 intra
1181 852 1248 928 snb
1260 860 1413 949 proprio
1517 876 1519 940 f

313 956 459 1026 nomine
472 953 653 1028 dabimus.
669 997 717 1010 -—
736 954 775 1051 c)
793 958 822 1043 f.
834 956 1008 1031 71-165
1023 951 1162 1051 eadem,
1178 957 1237 1027 cui
1249 959 1412 1026 munima
1515 1042 1518 1064 Ι

309 1076 403 1149 pars
429 1053 566 1128 coelicis
590 1054 754 1151 debetur,
784 1077 899 1128 manu
923 1061 1081 1140 exarata
1107 1059 1333 1130 continentur
1359 1054 1413 1127 De

312 1153 498 1228 citaAclae
516 1162 552 1229 et
565 1154 611 1228 tle
622 1154 1016 1252 pueritiaSulvatoris,
1034 1152 1413 1250 Prophetiallleiltoclii
1515 1169 1518 1204 ²

312 1259 497 1350 menapis,
515 1256 684 1350 Epistola
696 1255 870 1330 Iohannis
883 1255 1095 1351 presbyteri,
1113 1255 1292 1352 Fnlpentii
1305 1255 1413 1342 fabu-

312 1355 381 1427 lae.
402 1399 450 1410 —
470 1355 637 1429 enatem
656 1357 690 1431 2.
710 1359 748 1429 in
771 1362 917 1430 nostros
943 1378 1034 1430 usus
1059 1359 1237 1429 conuertit
1261 1355 1348 1428 olim
1367 1354 1410 1428 cl.

319 1454 504 1551 Wilmans,
523 1455 685 1529 codicem
706 1461 738 1530 1.
759 1463 881 1529 autem
898 1459 953 1530 vir
971 1457 1021 1530 ill.
1040 1456 1157 1551 Perta,
1186 1458 1245 1530 cui
1262 1463 1412 1552 uterque
1514 1540 1516 1566 A

312 1554 364 1628 acl
378 1555 571 1630 editionem
580 1555 795 1652 parandam
810 1556 1133 1631 benivolentissime
1146 1579 1171 1628 a
1183 1561 1261 1629 uiro
1276 1555 1411 1629 doctis·
1513 1615 1516 1643 ,

311 1659 403 1728 simo
431 1655 705 1731 bibliothecario
733 1663 770 1730 et
792 1657 979 1731 tabulario
1003 1656 1176 1730 Fulclensi
1199 1656 1409 1730 Berolinum
1514 1737 1515 1745 χ

307 1761 552 1830 'transmissus
569 1764 630 1830 est.
1513 1765 1515 1792 ³

395 1991 424 2064 E
449 1993 833 2070 CONTINUATIONE
860 1994 1086 2070 CHRONlCl
1112 1989 1324 2068 HUGONIS

617 2097 649 2168 A
675 2095 861 2171 SANCTO
889 2093 1105 2168 VICTORE.

239 2247 297 2290 nist.
318 2277 320 2282 -
382 2225 457 2282 Rexl
477 2247 540 2300 crgo
562 2241 673 2302 accepto
693 2231 805 2286 consilio
825 2213 961 2286 Guelloni
975 2260 1009 2273 ·-
1029 2233 1121 2286 sedem
1137 2230 1212 2300 regni
1227 2247 1288 2284 cum
1307 2231 1407 2301 regali·
1514 2295 1515 2298 Ἴ

229 2305 355 2409 {gigans
376 2319 485 2392 reliquit
507 2301 699 2402 filiumque
726 2329 837 2378 suum
856 2303 1086 2378 Fridericurn
1107 2304 1229 2378 adhue
1248 2327 1407 2402 puerum
1514 2315 1516 2336 ‘

303 2425 392 2500 utrum
419 2406 552 2477 ducatu
578 2404 748 2479 Sweviae
777 2417 814 2479 et
841 2405 943 2479 amni
972 2430 1040 2480 suo
1069 2405 1293 2503 patrimonio
1320 2404 1404 2477 fidei
1515 2417 1517 2500 ζ

304 2501 403 2576 illius
424 2505 716 2603 commendavit,
736 2518 773 2580 et
793 2505 902 2580 sicin
922 2529 1017 2605 pace
1037 2506 1223 2604 migravit.
1515 2520 1517 2604 j

378 2603 588 2680 Fridericns
608 2605 846 2705 imperator,
886 2606 984 2681 lilius
1011 2605 1188 2680 Friderici
1228 2605 1332 2678 ducis
1369 2616 1405 2678 et
1515 2616 1517 2624 “

303 2704 471 2778 ludintae
500 2707 640 2780 sororis
661 2707 864 2802 welfonis,
896 2707 1070 2804 regnavit
1097 2730 1195 2778 anno
1216 2710 1260 2778 ab
1286 2706 1404 2777 incar-

305 2806 457 2878 [tallone
484 2806 634 2881 Domini
664 2811 771 2883 1152.
820 2824 874 2880 Hic
893 2825 1026 2881 avunculo
1046 2843 1095 2880 suo
1116 2808 1237 2878 Welloni
1258 2821 1404 2881 marchiam

304 2902 429 2966 Tusciae,
449 2907 577 2961 ducatum
597 2905 708 2978 Spoleti,
735 2907 913 2978 principatum
934 2903 1092 2970 Sardiniae,
1118 2907 1227 2960 domum
1253 2905 1404 2960 comitissae

301 2993 462 3050 stantunus
482 2997 509 3050 tn
529 2998 661 3052 beneficio
686 2995 811 3069 niceten,
839 2991 876 3053 et
898 2981 1074 3054 Heinrieo
1097 2979 1179 3052 duci
1199 2979 1406 3074 Saxonum,

303 3077 379 3151 lilio
394 3079 558 3153 Heinrici
572 3082 746 3155 avunculi
762 3082 833 3179 sui,
853 3083 1029 3154 ducatum
1045 3078 1250 3174 Bawariae,
1270 3090 1402 3177 patruo
1512 3098 1514 3138 t

304 3203 373 3253 suo
397 3179 573 3255 Heinrioo
602 3185 647 3256 de
675 3181 871 3256 osterrich
903 3182 1088 3277 ablatum,
1120 3179 1303 3275 restituit3
1339 3179 1404 3252 tali

304 3281 577 3380 compositione
605 3278 724 3379 facta,
751 3293 791 3355 ut
816 3305 914 3382 quae
932 3281 1037 3379 prius
1056 3280 1239 3377 marchia,
1265 3281 1403 3354 exhinc

304 3383 462 3456 detentus
483 3407 552 3482 per
570 3407 611 3459 se
632 3380 897 3458 consisteret*.

375 3548 391 3581 '¹‘
409 3545 501 3601 Gadi
525 3548 741 3619 decequentibus
759 3561 842 3618 usque
860 3547 897 3600 ad
913 3543 992 3614 finem
1010 3547 1050 3600 uit
1065 3546 1143 3602 tobel
1160 3549 1213 3602 nisi
1235 3548 1314 3603 boec:
1345 3536 1401 3597 llic

407 3620 547 3686 secundo
578 3618 841 3700 expeditionem
870 3616 994 3681 ltaliam
1011 3619 1106 3694 ‚facta
1130 3630 1238 3682 eontra
1266 3618 1400 3682 rebelles

406 3703 674 3775 Mediolanenses,
697 3703 834 3764 turribus
858 3701 1144 3766 tandemcivitatis
1168 3701 1321 3784 depositis
1345 3722 1400 3774 eos
1514 3751 1515 3755 ,

296 3798 300 3802 “
407 3789 546 3868 subegit,
577 3807 661 3850 anno
684 3787 772 3868 regni
796 3787 844 3872 sui
866 3787 1012 3868 septimo.
1056 3787 1103 3850 Eo
1134 3806 1217 3849 enno
1251 3785 1400 3849 defuncto

367 3923 369 3927 .
406 3869 546 3968 Adriano
565 3890 654 3952 papa,
678 3872 793 3933 scisma
810 3871 890 3932 inter
906 3870 1120 3934 Alexandrum
1144 3879 1174 3932 et
1192 3869 1398 3933 Octavianum

406 3963 566 4100 coeplina
597 4037 724 4100 demum
754 4059 882 4122 guerre,
912 4041 995 4102 idem
1023 4040 1195 4119 imperator
1217 4036 1396 4100 Heinricum

302 4205 325 4274 l)
347 4201 487 4261 conradus
506 4205 556 4261 ltt.
576 4207 687 4262 scilicet.
