3100 4872
268 483 270 488 ,
340 401 660 479 CONTINUATIO
689 405 1083 480 WlllNGARTENSlS.
1213 411 1261 484 59

161 605 358 679 Ludewico
391 606 474 679 duci
506 607 726 680 Noricorum
760 607 1000 681 matrimonio
1032 609 1261 706 coniungere

163 707 284 780 modis
300 707 473 780 omnibus
488 709 691 783 laborabat.
710 709 907 783 Heinricus
924 734 1026 806 vero,
1041 709 1104 781 tali
1120 710 1263 783 machi·
1521 767 1523 770 -

164 807 312 880 natione
332 809 569 907 imperatoris
591 811 753 907 cognita,
773 810 906 883 dubiae
927 835 969 883 se
989 811 1079 882 sorti
1093 814 1261 908 tradens,
1351 893 1355 902 ,
1434 897 1435 902 η
1500 825 1532 910 j:

163 912 231 981 sub
251 909 379 1006 specie
399 911 713 1007 peregrinationis
734 936 818 983 cum
839 911 1060 1009 quibusdam
1079 912 1159 984 suis
1173 910 1352 985 lide-1194.
1461 933 1466 942 ’
1533 915 1536 926 '

162 1010 256 1081 libus
281 1012 326 1082 ad
352 1019 518 1082 castrum
539 1011 1149 1110 Stdlcggefestinanteraccessit.
1192 1013 1261 1085 Ubi
1337 1013 1340 1016 ’

161 1110 313 1182 inventa
334 1136 477 1207 sponsa
497 1137 580 1208 sua,
599 1124 719 1186 matre
735 1113 882 1210 puellae
898 1112 1101 1208 mediante,
1119 1113 1260 1212 potitus

162 1221 221 1283 est
248 1237 374 1284 uxore.
424 1213 529 1300 Quod
558 1214 699 1286 factum
718 1216 805 1285 dum
825 1215 870 1285 ad
890 1237 1003 1286 aures
1022 1214 1260 1312 imperatoris

162 1313 366 1384 delatum
347 1324 417 1409 est,
438 1313 617 1387 efferatus
638 1315 762 1386 animo
778 1317 961 1387 adversus
976 1315 1182 1412 palatinum
1198 1341 1261 1420 pa-

161 1424 285 1484 truum
305 1439 429 1528 suum,
457 1415 518 1512 qui
540 1439 583 1487 eo
603 1426 776 1514 tempore
797 1439 926 1488 secum
947 1414 983 1487 in
1003 1415 1112 1513 Spira
1140 1441 1262 1488 mora·

161 1518 288 1609 batur,
321 1514 431 1588 minis
464 1526 501 1587 et
531 1516 585 1589 ira
617 1517 864 1590 vehementer
890 1517 1039 1588 exarsit.
1015 1517 1260 1589 tTandem

161 1615 428 1712 palatinorum
445 1617 672 1714 principibus
689 1627 726 1691 et
740 1617 870 1690 amicis
885 1628 1037 1714 agente,
1055 1617 1261 1715 imperator

162 1719 324 1789 eundem
343 1716 559 1789 Heinricum
579 1718 616 1790 in
636 1718 796 1815 gratiam
816 1717 971 1814 recepit,
996 1718 1170 1814 factoque
1189 1718 1259 1791 sibi

161 1827 413 1912 sacramento,
439 1818 619 1916 palatium
640 1841 725 1890 cum
746 1843 814 1891 suo
833 1818 915 1891 iure
932 1817 983 1889 illi
1003 1817 1204 1915 concessit,
1224 1831 1261 1892 et

161 1917 215 1990 sic
234 1941 378 2014 gwerra
397 1918 495 1990 inter
514 1943 580 1992 eos
600 1921 784 1992 haetenus
804 1919 942 2016 agitata
964 1919 1091 1992 decisa
1111 1931 1180 1992 est.

237 2021 326 2090 Post
341 2019 465 2091 haec
455 2031 663 2133 imperator
679 2020 889 2116 Heinricus,
912 2019 1126 2117 largissime
1146 2022 1260 2092 dona-

160 2118 235 2190 tivo
257 2131 425 2216 erogato,
452 2120 550 2193 circa
569 2131 832 2235 pentecosten,
860 2131 1057 2218 assumpto
1076 2121 1331 2219 Phytippouai

159 2220 275 2292 fratre
295 2245 363 2293 suo
383 2221 537 2293 minimo
557 2232 595 2293 et
613 2221 787 2294 Heinrico
805 2221 970 2317 palatino
991 2232 1152 2318 cognato
1176 2246 1258 2317 suo,
1275 2198 1322 2251 ²⁹

161 2319 392 2417 procinctum
414 2321 529 2394 movit
543 2321 580 2393 in
596 2322 782 2421 Apuliam,
801 2333 878 2395 tam
894 2322 1018 2394 navali
1033 2323 1129 2395 bello
1145 2348 1257 2419 quam

161 2431 341 2493 strennuo
371 2421 487 2494 milite
516 2433 694 2538 capturus
722 2423 898 2497 Siciliam
943 2424 1139 2496 Dancredo
1169 2448 1258 2496 vero

160 2522 258 2593 viam
280 2521 479 2595 universae
500 2525 713 2599 camisiam
732 2524 922 2620 ingresso,
949 2523 1168 2622 cunctisque
1195 2549 1260 2596 no·

159 2621 292 2695 bilibus
308 2623 473 2695 venienti
488 2625 705 2722 imperatori
725 2627 770 2696 ad
790 2624 1017 2696 deditionem
1033 2625 1260 2697 occurrenti-

159 2727 242 2816 bus,
269 2732 346 2796 tam
373 2723 538 2798 Siciliam
562 2750 673 2822 quam
694 2724 907 2802 Galabriam
928 2734 965 2797 et
982 2725 1206 2840 Apuliam
1176 2749 1258 2798 sme

159 2825 277 2896 Marte
309 2824 417 2922 cepit.
470 2826 639 2923 Denique
671 2825 785 2899 filiam
819 2826 1055 2923 imperatoris
1088 2826 1260 2921 Greciae,

159 2924 312 2996 nomine
331 2926 494 3021 Hyrene,
519 2928 614 3000 infra
635 2928 779 3001 nubiles
800 2951 920 3000 annos
940 2927 1117 3025 positam,
1145 2952 1257 3025 quam

158 3025 197 3096 in
215 3025 353 3122 palatio
373 3026 591 3100 Palernensi
611 3028 766 3123 invenit,
793 3027 974 3124 Phylippo
1001 3029 1104 3100 fratri
1132 3053 1200 3101 suo
1220 3028 1257 3100 in

160 3127 398 3199 matrimonio
419 3127 621 3222 coniunxit,
645 3127 681 3198 in
702 3126 883 3201 beneficio
904 3127 1047 3200 traditis
1069 3129 1102 3200 ei
1122 3128 1257 3201 Tuscia

159 3252 244 3298 cum
263 3227 417 3325 Spoleto
438 3240 475 3300 et
493 3253 594 3301 omm
587 3183 724 3300 ilotno
744 3231 905 3300 domnae
921 3228 1146 3300 Mahthildis
1180 3228 1258 3302 Sic-

159 3351 231 3426 que
259 3328 432 3402 omnibus
460 3354 526 3427 pro
555 3331 746 3402 voluntate
770 3330 843 3401 illic
868 3328 1072 3428 dispositis,
1101 3354 1255 3402 uxorem

158 3453 281 3524 suam,
300 3427 443 3502 scilicet
460 3429 576 3502 filiam
595 3430 761 3538 Rogerii,
780 3455 865 3516 cum
881 3430 1035 3527 parvulo
1051 3429 1126 3502 lilio
1143 3454 1255 3528 quem

159 3555 204 3602 ex
224 3553 269 3601 ea
288 3529 444 3602 habuit
435 3555 471 3601 rn
491 3531 614 3605 Sicilia
634 3528 794 3628 reliquit,
824 3541 860 3608 et
885 3554 982 3602 anno
1008 3531 1181 3638 sequenti
1199 3556 1257 3606 re-

158 3655 316 3727 gressus
337 3642 407 3705 est.

232 3733 368 3804 Postea
393 3755 482 3802 vero
509 3736 650 3828 absque
680 3732 843 3806 exercitu
876 3733 1081 3831 imperator
1110 3733 1255 3807 ltaliam
1346 3785 1347 3792 κ

156 3831 273 3904 tercio
293 3831 501 3930 ingreditur
519 3859 617 3904 anno
637 3838 682 3905 ab
703 3833 959 3906 incarnatione
979 3833 1126 3906 Domini
1149 3837 1256 3909 1196.

157 3933 209 4004 Eo
225 3957 323 4005 anno
335 3935 531 4007 Counrado
547 3937 640 4007 duce
656 3934 897 4008 Swevorum
885 3945 1049 4048 imperat
1051 3935 1124 4006 oris
1140 3935 1255 4006 fratre

159 4044 305 4105 mortuo
309 4035 541 4133 ,Phylippus
562 4035 704 4108 frater
695 4059 862 4133 ipsorum
883 4034 1016 4130 iunior,
1035 4035 1104 4107 ab
1095 4060 1255 4134 tmpera-

157 4143 238 4206 tore
265 4146 445 4237 suscepto
474 4138 608 4209 ducatu
635 4136 875 4233 Swevorum,
900 4161 920 4208 a
948 4135 1118 4209 Tuscia
1108 4160 1145 4208 tn
1171 4161 1254 4208 suc·
1289 4169 1291 4172 ·

158 4258 352 4313 oessmem
380 4237 505 4314 fratris
530 4237 709 4338 dirigitur
758 4239 844 4340 lpse
872 4261 961 4310 vero
987 4237 1192 4340 imperator
1217 4237 1254 4312 in
