3100 4872
238 567 242 576 ·
316 543 473 619 maniter
486 542 811 617 comminabantur
824 544 1049 622 defenderet.
1078 544 1286 643 Episcopus
1306 545 1407 618 enim

208 649 383 744 11)·8-333
406 655 525 721 totam
550 644 877 743 quadragesimam
897 656 1078 744 cognatos
1098 656 1135 720 et
1153 646 1295 719 amicos
1314 670 1405 720 suos

216 723 296 853 Ἢ
316 745 554 842 conveniens,
580 746 652 820 hoo
671 747 819 844 agebat,
839 755 879 818 ut
896 747 1031 821 ducem
1049 748 1094 821 de
1113 746 1248 839 finibus
1266 746 1353 844 illis,
1372 748 1404 820 si

280 840 287 856 ’
316 845 476 945 amplius
488 870 553 921 eos
565 845 751 920 hostiliter
764 845 967 941 invaderet,
982 847 1402 946 ignominiosefugaret.

312 948 484 1021 4Μ333313
511 946 626 1046 igitur
656 946 694 1019 in
725 948 918 1022 obsidione
948 950 1055 1048 duce,
1088 948 1286 1047 episcopus
1318 974 1405 1022 curn

314 1048 532 1122 marchione
555 1048 728 1123 orientali
745 1048 935 1147 Leopaldo
955 1073 1025 1124 seu·
1042 1048 1124 1122 aliis
1143 1049 1341 1123 comitibus
1361 1056 1405 1123 ac

313 1148 435 1246 tocius
454 1148 619 1223 Bawaric
645 1149 873 1245 fortissimis,
893 1161 1049 1248 excepto
1068 1150 1246 1248 palatino,
1271 1153 1406 1224 coadu-

315 1261 403 1323 nato
430 1250 549 1324 milite
575 1249 870 1349 appropinquat,
900 1261 938 1325 et
955 1261 1078 1324 castra
1096 1251 1133 1323 in
1154 1251 1266 1350 plano
1286 1276 1405 1350 prope

314 1351 474 1424 Ysaram
503 1350 660 1424 fluvium
690 1364 842 1450 ponunt.
898 1351 1060 1424 Econtra
1086 1352 1158 1424 dux
1187 1351 1286 1426 acies
1316 1376 1404 1425 suas

314 1451 513 1550 informat,
540 1451 683 1550 pedites
703 1476 792 1525 suos
811 1452 894 1524 1333
915 1476 983 1524 333
1004 1453 1214 1548 exordinat5
1245 1453 1406 1526 obsidio·

314 1578 403 1627 nem
423 1564 549 1627 tamen
576 1578 650 1626 non
677 1553 748 1626 nisi
775 1553 812 1626 in
839 1563 1006 1628 extremo
1035 1553 1247 1641 discrimine
1272 1553 1404 1652 positis

314 1655 557 1728 relaxandam
581 1654 789 1728 confirmat.
841 1653 988 1728 Interea
1006 1653 1093 1728 Otto
1122 1654 1321 1754 palatinus,
1349 1655 1406 1728 vir

210 1805 212 1810 ,
315 1755 498 1853 sapientia
516 1755 694 1854 predituS,
714 1755 774 1829 cui
789 1755 834 1828 ad
855 1765 1052 1854 utramque
1066 1766 1212 1855 partem
1228 1779 1404 1830 accessus

314 1856 446 1955 patuit,
465 1857 657 1955 utriusque
672 1856 857 1930 exercitus
876 1868 1098 1955 apparatum
1116 1857 1404 1956 contemplatur,

313 1957 462 2055 illisque
480 1967 652 2030 nostrum
670 1956 921 2056 copiosiorem
936 1981 1020 2031 esse
1033 1958 1269 2054 denuntians,
1287 1969 1406 2032 terro-

314 2084 395 2133 rem
422 2059 573 2154 incutit3
600 2058 846 2157 cogitansque
865 2059 1052 2155 quomodo
1072 2060 1117 2130 ad
1136 2060 1276 2131 bonurn
1301 2059 1403 2159 pacis

314 2161 513 2259 perducat,
545 2159 773 2234 Fridericnm
805 2159 1029 2242 advocatum
1059 2169 1262 2258 cognatum
1293 2183 1403 2232 suum

314 2261 626 2360 promissionibus
652 2286 695 2333 ac
719 2257 829 2333 minis
856 2259 1151 2334 circumveniens
1178 2262 1224 2334 ad
1253 2260 1402 2336 deditio·

314 2387 403 2436 nem
421 2363 602 2434 hortatur.
647 2361 730 2459 llle,
755 2372 884 2460 utpote
904 2361 1075 2434 omnibns
1095 2361 1172 2434 suis
1192 2361 1402 2458 destitutus,

316 2459 481 2536 consiliis
500 2461 655 2560 palatini
673 2462 872 2561 adquievit,
891 2472 929 2537 31
946 2473 1140 2560 assumpto
1161 2487 1205 2536 eo
1225 2463 1261 2535 in
1281 2472 1405 2537 333133

316 2564 418 2636 ducis
437 2564 590 2638 veniens
609 2573 646 2638 et
664 2565 710 2636 ad
728 2565 842 2662 pedes
858 2563 937 2638 eius
952 2587 994 2636 se
1009 2563 1224 2660 humilians,
1243 2563 1402 2661 gratiam

315 2665 396 2740 eius
415 2665 566 2765 recepit.
594 2665 675 2752 Quo
691 2675 918 2763 perpetrato,
938 2663 1116 2737 Ottonem
1130 2687 1275 2760 quoque
1287 2687 1402 2758 gene·

315 2791 399 2838 rum
413 2790 522 2838 suum
538 2767 583 2838 ad
598 2765 825 2839 deditionem
839 2777 877 2840 et
890 2751 1195 2860 satisfactionem
1210 2785 1399 2864 exponens

169 2939 178 2960 ‚
314 2866 350 2941 ei
367 2867 539 2941 miserias
559 2890 725 2961 suorum,
745 2865 947 2965 compellit.
989 2859 1060 2952 Qui
1079 2862 1248 2939 similiter
1266 2863 1346 2942 eius
1364 2873 1403 2936 et

212 2983 214 2991 ⁴
295 3053 297 3060 ¹
315 2967 476 3041 aliorum
494 2992 649 3041 suorum
668 2966 824 3040 consilio
844 2965 1094 3064 consentienS,
1114 2966 1159 3039 ad
1178 2964 1404 3040 deditionem

223 3161 225 3166 Ι
314 3069 442 3143 venire
456 3094 530 3141 333
545 3067 698 3166 distulit,
718 3092 761 3141 ac
776 3093 817 3144 se
832 3068 956 3168 ipsum
971 3092 1057 3141 cum
1071 3076 1194 3140 castro
1213 3066 1251 3138 in
1271 3089 1402 3138 manus

273 3225 281 3241 .
315 3170 419 3244 ducis
446 3173 514 3243 sub
542 3169 643 3243 omni
669 3170 882 3244 humilitate
905 3168 1135 3242 contradidit.
1189 3168 1272 3240 Dux
1301 3190 1403 3264 vero,

270 3325 273 3332 .
314 3282 426 3370 prout
452 3272 555 3370 rigor
580 3269 725 3343 iusticie
745 3269 878 3369 exigit,
904 3271 1011 3342 illurn
1036 3269 1198 3368 patriam
1217 3279 1254 3343 et
1273 3291 1403 3342 ornnes

314 3373 496 3448 terminos
516 3370 682 3445 Bawaric
700 3370 942 3468 quoadusque
960 3395 1028 3468 per
1046 3395 1132 3446 eum
1152 3380 1402 3465 revocaretur,

316 3473 487 3546 abiurare
507 3473 646 3570 coegit,
666 3483 704 3546 et
722 3472 775 3544 sic
792 3497 881 3545 eum
900 3471 1089 3570 captivum
1108 3472 1185 3544 suis
1204 3469 1403 3568 commisit,

316 3585 354 3649 31
372 3576 416 3646 ad
435 3573 702 3648 Ravensburch
721 3597 849 3647 secum
869 3572 1001 3647 abduci
1018 3573 1196 3672 precepit.
1230 3573 1405 3644 Castrum

316 3700 477 3774 quoque,
505 3674 677 3748 omnibus
697 3700 768 3772 que
787 3673 925 3748 auferri
944 3684 1135 3773 poterant,
1158 3683 1284 3773 preter
1302 3671 1404 3746 edifi-

315 3777 384 3874 cia,
404 3775 613 3874 abstractis,
632 3776 719 3876 igne
738 3775 940 3849 succendit.
976 3776 1181 3871 Adducitur
1199 3796 1290 3871 ergo
1310 3797 1405 3846 uxor
1431 3839 1434 3845 .

314 3878 436 3974 illius,
465 3897 535 3975 que
560 3890 598 3952 et
621 3878 703 3976 ipsa
728 3877 766 3950 in
793 3886 916 3950 castro
939 3878 1094 3950 obsessa
1120 3875 1262 3970 fuerat,
1291 3898 1404 3971 quam

314 3980 388 4051 dux
405 3980 565 4078 benigne
584 3977 792 4077 suscipiens
811 3989 848 4052 31
874 3980 968 4052 bene
987 3976 1186 4050 consolans
1212 3975 1309 4074 patri
1334 3998 1402 4047 sno

313 4080 479 4180 palatino
499 4080 697 4166 commisit.
733 4078 869 4178 Sicque
887 4077 1009 4152 omnis
1029 4076 1264 4151 contumacia
1277 4075 1403 4148 Bawa-

286 4177 287 4182 ’
314 4180 455 4254 riorum
474 4180 596 4255 divina
615 4180 847 4254 ordinatione
866 4201 1070 4279 suppressa
1087 4190 1154 4253 est.
1182 4180 1264 4253 Non
1284 4176 1401 4254 multo

321 345 369 417 30
603 339 831 414 HISTORIA·
855 341 1127 418 WELFORUM
