3100 4872
292 291 345 404 ro
578 325 805 402 msromn
830 326 1106 406 notrorum

292 529 555 630 depopulatur,
574 528 794 610 eustracius
809 528 895 624 duo,
911 526 1174 603 Chelminzen¹
1195 527 1339 604 scilicet
1353 538 1396 603 et

290 629 480 727 Willare²‚
499 630 753 726 destruuntur,
772 629 810 702 in
830 629 1028 726 quibusda
1047 628 1125 702 suis
1140 632 1188 704 to
1202 629 1402 728 captivam·-

290 742 364 804 tur.
402 731 471 805 llle
484 729 611 828 itaque
625 730 768 803 fractus
783 729 921 826 animo,
941 739 1264 828 propugnatorem
1278 754 1391 803 suum

290 831 521 906 Fridericum
540 831 676 905 ducem
695 830 740 904 de
756 829 893 904 auxilio
913 831 1169 929 interpellans,
1189 832 1235 904 ad
1254 831 1392 906 ducem

290 931 470 1006 boemiae
497 931 624 1004 auxilii
651 931 772 1030 gratia
800 931 855 1005 ire
882 930 1079 1028 compulit
1129 930 1202 1018 Qui
1229 931 1391 1005 collecta

290 1032 531 1106 multitudine
546 1032 724 1129 Boemos‚
743 1041 897 1130 gentem
914 1031 1134 1106 horribilem
1154 1056 1199 1106 ac
1219 1029 1298 1105 Deo
1322 1032 1391 1104 ho·

290 1133 528 1230 minibusque
554 1131 748 1228 odibilem,
775 1132 814 1205 in
837 1131 933 1206 fines
960 1141 1111 1205 nostros
1137 1131 1307 1227 adduxit,
1334 1142 1392 1204 to·

289 1245 444 1331 tamque
459 1233 701 1308 Germaniam
717 1233 837 1306 alacu
850 1233 1044 1307 Lemanno
1060 1256 1179 1330 usque
1191 1231 1389 1306 Boemiam

291 1333 563 1408 execrabilibus
590 1331 786 1432 spurciciis
818 1333 970 1406 illorum
1003 1342 1042 1406 et
1072 1331 1390 1432 turpissimisde·

179 1435 236 1490 ¹⁸¹¹·
253 1435 278 1490 θ·
290 1434 570 1534 predationibus
589 1459 634 1508 ac
651 1432 833 1508 incendiis
848 1433 945 1507 inter
964 1433 1203 1532 epiphaniam
1227 1443 1265 1507 et
1289 1432 1392 1532 puri'·

179 1507 236 1573 -,F
238 1511 278 1633 δὲ·
290 1535 508 1608 ficationem
536 1544 666 1608 sancte
692 1533 810 1608 blarie
835 1533 1131 1630 conmaculavit‚
1163 1558 1260 1607 anno
1290 1533 1392 1608 vide·

273 1621 378 1710 ‘licet
403 1638 448 1708 ab
481 1634 739 1708 incarnatione
764 1633 915 1708 Domini
936 1637 1044 1708 1166.
1097 1634 1305 1708 Humiliata
1331 1645 1395 1708 est

291 1745 329 1808 et
346 1735 435 1808 ilico
452 1735 622 1808 eiusdem
641 1734 796 1833 palatini
822 1735 1065 1826 contumatia.
1114 1735 1157 1808 ln
1174 1735 1269 1810 feria
1287 1734 1405 1808 enim

178 1849 242 1909 Mn.
254 1853 279 1908 9.
289 1834 407 1909 tercia
421 1834 555 1934 eapitis
569 1833 720 1909 ieiunii³
739 1837 807 1908 sub
822 1835 992 1934 generali
1005 1835 1110 1908 curia
1123 1835 1233 1910 Ulme
1246 1834 1388 1930 habita,
1407 1931 1410 1936 Ι

289 1936 327 2008 in
346 1933 537 2034 presentia
555 1934 660 2008 ducis
674 1935 851 2030 Heinrici³
871 1935 1011 2008 domini
1030 1935 1160 2028 nostri,
1180 1937 1248 2009 sub
1269 1935 1393 2008 oculis

290 2061 439 2134 quoque
467 2035 585 2135 ipsius
612 2035 851 2133 imperatoris
871 2059 915 2108 ac
932 2034 1110 2109 Friderioi
1134 2035 1260 2133 dume,
1288 2036 1404 2110 idem

289 2137 401 2234 Hugo
427 2135 603 2210 Guelfoni
629 2134 768 2209 iuniori
793 2137 840 2208 ad
867 2135 1103 2211 deditionem
1122 2136 1239 2233 venit,
1275 2162 1320 2210 ac
1346 2159 1391 2210 se

288 2237 446 2336 pedibus
479 2236 560 2311 eius
593 2246 858 2334 prosternens,
899 2235 1070 2311 custodie
1109 2237 1316 2335 mancipari
1351 2247 1393 2310 et

289 2337 455 2410 vinctum
474 2337 606 2409 abduci
626 2362 702 2409 non
720 2337 881 2434 respuit,
908 2336 1017 2410 etsie
1036 2337 1074 2410 in
1093 2337 1309 2436 captivitate
1329 2361 1389 2410 us·

289 2462 361 2534 que
381 2437 428 2509 ad
446 2434 589 2510 obitum
608 2437 726 2535 ipsius
746 2436 955 2531 GuelfoniS‚
981 2462 1049 2535 per
1076 2462 1216 2511 annum
1243 2437 1393 2512 scilicet

289 2548 327 2612 et
345 2536 538 2610 dimidium
556 2546 716 2611 tenetur.

198 2650 277 2706 116⁷.
390 2639 450 2712 32.
488 2631 544 2710 'ln
569 2637 812 2735 subsequenti
838 2662 928 2710 vero
956 2637 1081 2712 hieme
1109 2638 1209 2712 circa
1233 2638 1391 2736 epipha·

177 2722 235 2780 ¹³¹¹·
251 2726 276 2779 ⁶·
289 2737 390 2812 niam
409 2737 544 2812 Guelfo
573 2738 701 2811 senior
717 2737 1092 2830 Hierosolimitanum
1119 2738 1191 2813 iter
1215 2738 1391 2837 aggredi·

288 2849 366 2934 tur,
394 2837 490 2912 etin
518 2837 627 2910 ltalia
653 2837 924 2936 imperatorem
947 2839 1167 2936 repperiens
1195 2863 1239 2912 ac
1266 2837 1391 2912 filium

289 2962 400 3010 suum
427 2962 514 3014 cum
533 2938 707 3011 omnibus
727 2939 772 3010 ad
799 2961 840 3012 se
858 2938 1116 3037 spectantibus
1135 2939 1286 3038 graciae
1305 2938 1391 3013 eius

176 3039 564 3136 Auobconmendans,
592 3039 735 3138 pascha
762 3050 935 3111 sanctum
954 3041 1052 3138 apud
1077 3041 1294 3138 sepulcrum
1312 3039 1391 3111 Do·

250 3197 251 3202 ,
289 3137 380 3211 mini
397 3139 610 3213 celebravit.
663 3139 812 3212 Interea
838 3139 1044 3238 imperator
1068 3139 1246 3230 Gu'ellum
1268 3140 1392 3212 iunio·

287 3261 370 3314 reru
389 3240 517 3312 multis
537 3239 704 3313 illectum
725 3239 1038 3337 promissionibus
1057 3241 1103 3312 ad
1122 3264 1164 3314 se
1183 3241 1220 3313 in
1232 3231 1390 3314 ¹ltaliam

288 3349 453 3414 revocat.
506 3338 578 3428 Qui
605 3340 765 3412 collecto
785 3339 904 3414 milite
928 3342 996 3414 sub
1016 3340 1186 3439 paschali
1213 3351 1390 3440 tempore

289 3439 487 3514 Pirendum
517 3464 584 3537 per
614 3439 747 3539 iugum
774 3438 933 3538 Septimi
964 3440 1122 3534 montis⁷
1155 3467 1228 3538 qua
1259 3441 1392 3516 Renus

288 3550 326 3613 et
343 3539 446 3612 Enus
465 3537 568 3614 lluvii
587 3541 770 3638 oriuntur,
788 3543 1072 3637 transcendens,
1092 3541 1247 3640 Papiam
1266 3565 1389 3638 usque

287 3640 479 3739 pervenit3
511 3641 576 3736 ubi,
601 3642 749 3740 legatos
777 3640 1016 3740 imperatoris
1039 3641 1233 3717 inveniens
1258 3652 1296 3716 et
1322 3641 1392 3714 sti·

286 3740 465 3839 pendium
491 3741 537 3814 ab
564 3740 619 3816 eis
643 3741 874 3839 promissum
904 3742 1110 3840 recipiens,
1145 3743 1184 3816 in
1208 3741 1385 3816 Tusciam

286 3840 448 3940 negocia
470 3850 594 3916 terrae
621 3843 759 3939 ubique
784 3852 951 3916 tractans
977 3843 1167 3940 transivit,
1195 3851 1233 3917 et
1256 3841 1310 3915 sic
1338 3841 1389 3916 ad

279 4022 304 4089 ll
325 4022 459 4080 Kelmtinz
475 4025 508 4078 od
525 4025 636 4078 lluriunr
655 4021 725 4081 lller.
758 4023 787 4080 S.
865 4026 892 4095 2)
914 4025 1177 4098 Plalzgralenweiler
1194 3995 1388 4100 praefecturae·

277 4095 482 4152 Freudenstadt.
521 4095 550 4152 S.
643 4097 669 4167 3)
690 4097 779 4169 Caput
804 4098 899 4153 ieiunii
923 4101 941 4155 i.
961 4117 986 4154 e.
1005 4101 1063 4154 dies
1083 4099 1204 4156 cinerum
1230 4101 1258 4156 io
1285 4099 1385 4154 leriam

277 4179 408 4241 quartam,
429 4187 483 4224 non
503 4187 567 4224 vero
588 4171 691 4224 tertiam
712 4171 816 4226 incidit.
