3100 4872
54 1191 56 1196 Ι
163 1083 416 1168 HlSTORlA
449 1083 751 1168 WELFORUM
781 1081 1228 1171 WElNGARTENSlS

233 1232 441 1324 EDITORE
467 1231 725 1307 LUDEWICO
751 1231 989 1328 wulteran
1016 1232 1088 1305 PH.
1115 1233 1158 1304 D.
1248 1307 1250 1311 ,
1364 1315 1366 1326 Ι

151 1408 258 1516 (lum
276 1443 413 1536 inclyto
438 1442 635 1531 Wetfornm
657 1444 804 1532 familia
829 1447 933 1540 oripo
960 1451 996 1516 et
1020 1447 1242 1517 incremento

147 1547 359 1620 monosterii
388 1545 686 1640 Wetnpornnsis,
714 1544 919 1618 dioeceseos
941 1545 1241 1640 Constonliensis,

148 1651 271 1722 intime
290 1648 485 1719 coniuncto
502 1653 597 1730 sunt.
615 1727 619 1731 ,
638 1645 795 1718 Saeculo
814 1645 953 1718 decimo
972 1647 1115 1718 ineunte
1131 1645 1241 1719 Hein-

146 1753 244 1822 rious
275 1748 371 1836 filius
401 1746 588 1820 Etioltonis
619 1745 808 1820 oblutium
838 1745 1173 1844 sanctimonialium
1203 1749 1244 1820 in

145 1851 234 1924 oilla
247 1873 317 1923 suu
329 1847 458 1934 Altorf
470 1847 654 1942 fundauit,
668 1848 828 1953 sellaque
841 1847 1116 1944 monachorum,
1130 1872 1242 1945 quum
1345 1842 1350 1854 ’

142 1960 248 2047 puter
265 1955 302 2024 in
319 1949 538 2046 Ammerpuu
562 1957 835 2047 construerent,
864 1949 916 2022 od
931 1949 1179 2022 Altomitnster
1204 1952 1242 2022 in

144 2053 332 2146 Bononio,
350 2050 554 2124 dioeceseos
570 2051 822 2148 Frtstnpensts,
847 2051 1043 2144 translato,
1062 2047 1111 2121 ibi
1130 2049 1241 2122 ubba-

146 2157 236 2226 lium
253 2155 346 2226 sutis
364 2155 594 2246 mopnifieum
615 2151 790 2226 condidit.
844 2151 1000 2224 Saeculo
1020 2149 1102 2223 dein
1130 2150 1245 2224 undo

146 2258 239 2328 rimo
252 2253 371 2326 modio
381 2256 605 2346 permutatio
620 2253 883 2325 monachornm
896 2252 1240 2326 Allomonusterien·

144 2357 238 2429 sium
263 2363 299 2426 et
321 2352 657 2427 sanctimonialium
682 2353 944 2442 Altorfensium
971 2357 1076 2442 foetu
1100 2361 1154 2428 est
1174 2379 1241 2448 per

144 2456 329 2543 familiam
348 2454 541 2552 Wolfioum,
568 2462 635 2527 oui
648 2479 714 2548 per
738 2455 933 2543 Wolfonem
951 2457 995 2527 ll.
1016 2459 1078 2552 qui
1097 2453 1187 2527 otiu
1204 2478 1238 2527 u.

147 2561 255 2652 1030,
284 2564 352 2629 unt
370 2580 438 2650 por
455 2554 712 2629 leminlrutlem
734 2555 884 2629 viduum
903 2564 939 2629 el
961 2557 1157 2644 Wolfonom
1174 2557 1238 2640 lll.

146 2657 414 2732 Corinthiorum
433 2656 577 2752 dunen,
604 2657 719 2747 filium
738 2657 846 2730 eiust.
897 2657 988 2754 oui,
1013 2680 1085 2730 non
1109 2657 1239 2750 paullo

146 2827 171 2896 1)
192 2829 344 2884 Wellouem
365 2830 398 2886 ll.
430 2831 574 2885 monachos
604 2831 785 2894 transtulisse,
824 2831 932 2886 traditio
961 2840 1017 2884 erat
1048 2831 1241 2885 monachorum

146 2903 391 2975 Weiugartensium
415 2923 485 2958 suec.
506 2903 567 2960 Xll.
588 2915 615 2960 et
635 2903 708 2966 XIH,
729 2905 815 2974 qualis
835 2913 944 2974 apparet
963 2903 991 2956 iu
1011 2902 1128 2958 Historia
1149 2915 1239 2958 nostra

146 2995 169 3031 o.
192 2977 234 3030 to.
255 2987 281 3031 et
300 2979 326 3030 iu
346 2979 476 3031 relatione
497 2979 611 3050 quadum
633 2978 701 3031 libro
720 2977 929 3046 Evangeliorum
951 2995 999 3030 ms.
1021 2994 1092 3030 nuuc
1112 2977 1239 3032 Fuldensi

147 3051 189 3115 12,
210 3051 273 3104 oliui
295 3051 445 3119 Weingart.
466 3051 491 3114 6,
512 3068 591 3103 manu
611 3069 681 3104 seeo.
702 3049 778 3104 Xlll.
798 3052 915 3104 ineuntis
941 3049 1003 3120 (non
1023 3067 1094 3114 vero,
1115 3063 1143 3103 ut
1162 3051 1240 3104 Hes-

146 3125 209 3186 sius,
228 3122 370 3178 Prodrom.
391 3142 416 3192 p.
435 3125 467 3176 21
491 3124 563 3190 vult,
584 3141 653 3178 saer.
672 3121 751 3178 Xlll.
772 3124 907 3188 exeuntis,
929 3141 953 3177 v.
973 3121 1163 3189 Wirtemberg,
1183 3123 1240 3178 Ur-

145 3196 442 3267 tundenbuch1‹,3ott
470 3197 611 3267 inscripta,
650 3197 725 3250 euius
755 3207 841 3251 errata
870 3197 995 3250 historica
1024 3207 1096 3251 recte
1126 3195 1239 3250 Hessius

146 3273 263 3342 castigat.
311 3269 372 3341 lpse
402 3273 528 3340 equidem
557 3272 779 3341 permutationem
811 3271 907 3324 laetam
937 3287 997 3324 esse
1025 3271 1165 3324 contendit
1194 3289 1240 3340 per

146 3363 255 3399 uxorem
277 3345 405 3399 etlilium
425 3345 558 3399 Wellouis
580 3343 613 3398 ll.
634 3363 657 3398 a.
677 3343 751 3396 1047·
767 3347 887 3409 demum,
909 3346 982 3398 nisos
1004 3343 1101 3398 tabulis
1122 3345 1239 3414 quibus-

125 3422 206 3472 dam
227 3421 362 3487 (nimirum
383 3417 458 3487 pletis
478 3435 525 3472 seu
546 3417 633 3486 lapide
653 3417 791 3488 sculptisll
819 3420 846 3470 in
872 3417 1034 3472 monasterio
1055 3419 1240 3473 Altomiinster

146 3494 174 3545 in
195 3493 253 3546 loco
274 3491 413 3561 capitulari
432 3501 458 3544 et
480 3491 506 3543 in
528 3489 700 3560 Weiugarten
726 3491 892 3562 hypocausto
912 3491 1073 3545 recreatorio
1092 3491 1239 3562 suspensis,

146 3583 215 3637 quae
234 3583 375 3618 numerum
395 3565 475 3618 istum
497 3575 675 3618 monstrarent
699 3562 848 3635 (Prodrom.
868 3583 894 3635 p.
917 3564 970 3636 17).
1009 3561 1129 3628 Quorum
1157 3565 1240 3616 tabu-
1308 3584 1311 3592 ·

144 3640 231 3692 larum
251 3639 330 3692 fidem
350 3639 377 3691 iu
398 3638 509 3692 dubium
529 3656 624 3693 vocare
649 3639 743 3700 velim,
774 3656 832 3692 eum
862 3639 925 3692 satis
954 3646 1057 3691 constat
1084 3637 1239 3690 huiusmodi

145 3713 331 3783 inscriptiones
352 3712 486 3764 multoties
506 3729 520 3762 e
540 3729 605 3763 rana
626 3715 740 3782 quadarn
760 3713 904 3766 traditione
925 3729 939 3764 a
960 3713 1098 3764 monachis
1111 3710 1238 3764 confictus

146 3801 218 3846 esse;
246 3803 333 3856 neque
354 3795 441 3839 tamen
462 3783 618 3838 relationem
638 3784 776 3839 Historiae
801 3785 917 3840 retinere
941 3788 1044 3847 audeo,
1070 3784 1128 3854 plus
1158 3801 1237 3851 quatu

145 3859 253 3914 soeculo
273 3861 384 3928 abipso
404 3859 475 3912 laeto
495 3857 625 3911 distantis,
656 3858 778 3912 Fortasse
797 3870 899 3912 rectum
918 3859 983 3913 latet
1002 3857 1030 3910 iu
1050 3857 1137 3910 verbis
1150 3855 1241 3911 Heri-

146 3933 235 3986 manni
261 3932 405 4003 Augieusis
431 3929 491 4003 (SS.
510 3929 587 3984 'lom
606 3930 641 3996 V,
663 3930 740 4003 122):
770 3932 839 3985 1036
861 3932 1078 3987 Soncttmoniules
1103 3947 1120 3984 o
1144 3934 1239 3984 domno

145 4007 317 4076 lrmonpordo
340 4004 412 4074 Wolf
426 4008 527 4060 comitis
546 4007 626 4060 viduo
643 4005 835 4075 oportunius
847 4023 895 4076 pro
910 4009 1012 4061 clericis
1028 4005 1152 4060 collectae
1169 4009 1238 4058 sunt.

145 4075 232 4133 Nemo
252 4098 306 4133 non
326 4079 406 4142 videt,
433 4079 594 4132 eontrarium
617 4079 686 4132 lacto
706 4078 747 4132 his
768 4080 855 4134 verbis
875 4081 937 4145 diei,
962 4081 1008 4132 sed
1030 4076 1153 4131 conlusio
1173 4075 1238 4130 haec

145 4153 224 4206 facile
250 4151 409 4206 declaranda
436 4153 550 4207 videtur.
588 4149 667 4216 Quod
695 4154 729 4205 ad
753 4154 833 4207 verba
859 4152 909 4208 ista
935 4153 1134 4222 interpretanda
1161 4149 1240 4204 affert

10 4251 13 4300 g
42 4252 44 4256 ·
145 4223 259 4281 Hessius
279 4223 419 4280 Prodrom.
438 4244 464 4296 p.
487 4225 528 4292 ll,
548 4237 619 4288 certe
639 4228 784 4281 absurdum
806 4237 854 4282 est.
