3100 4872
256 280 260 288 ⁴
365 343 414 416 ao
648 309 873 409 nisronn
898 332 1171 410 wnaroaon

365 540 495 616 nachis
515 549 552 615 et
571 538 718 611 ossibus
742 535 859 636 patris
883 539 941 610 sui
960 536 1083 612 Gwelf
1096 549 1134 613 et
1150 540 1274 639 patrui
1291 541 1466 615 Heinrici

247 717 248 722 ,
359 654 404 718 ἐἰ
434 640 494 715 avi
522 638 717 733 Roudotfi,
752 637 952 712 ecclesiam
983 639 1148 737 priorem
1179 642 1463 739 parrochialem

366 768 451 819 esse
471 739 610 814 statuit.
664 737 733 811 Hic
761 739 920 837 denique
939 739 1055 814 Guelf
1075 742 1143 812 sub
1166 740 1317 816 iuvenili
1344 753 1464 840 etate,

367 869 453 919 cum
472 851 573 916 esset
590 841 627 912 in
645 850 768 912 castro
788 838 986 938 Botamo¹‚
1012 844 1143 914 morbo
1167 854 1361 941 correptus
1382 855 1465 939 est3

364 945 569 1040 vidensque
587 940 657 1014 sibi
675 940 858 1015 inminere
872 951 1045 1039 mortem,
1065 967 1176 1016 omne
1190 944 1465 1041 patrimonium

367 1069 479 1119 suum
501 1068 586 1117 cum
606 1041 924 1140 ministerialibus7
951 1041 1038 1140 quia
1061 1043 1240 1119 heredem
1259 1070 1304 1119 ex
1323 1070 1464 1119 senon

366 1145 517 1242 habuit,
545 1143 590 1216 ad
618 1142 816 1216 cenobium
835 1143 1048 1217 Altorfense
1075 1156 1206 1218 sancto
1233 1146 1393 1219 Martino
1423 1146 1464 1218 in

368 1255 590 1347 perpetuam
616 1244 897 1342 possessionem
915 1243 1079 1341 donavit,
1107 1255 1143 1318 et
1170 1246 1241 1319 hoc
1265 1247 1464 1344 perficien-

368 1350 457 1421 dum
476 1347 619 1418 duobus
640 1345 685 1417 de
703 1344 906 1417 maioribus
924 1345 1015 1442 suis,
1039 1344 1101 1442 qui
1118 1356 1207 1420 tunc
1226 1371 1355 1420 secum
1374 1349 1464 1422 ade·

280 1453 472 1540 tub-rant,
498 1444 717 1520 fidelissime
744 1445 965 1518 commisit2.
1017 1446 1101 1545 Ipse
1128 1471 1216 1521 vero
1237 1447 1336 1521 diem
1360 1450 1464 1521 clau-

259 1525 308 1580 Μ·
320 1527 359 1581 ¹³·
371 1551 462 1648 dens
482 1557 691 1623 extremum
701 1545 728 1642 ³,
746 1546 810 1618 illo
826 1547 1044 1645 deportatus
1059 1557 1117 1620 est
1134 1558 1172 1621 et
1190 1573 1274 1621 cum
1293 1550 1461 1623 maximo

369 1651 525 1750 planctu
549 1671 704 1720 suorum
725 1671 768 1720 ac
786 1647 901 1720 totius
919 1646 1118 1720 vicinitatis
1137 1650 1319 1748 sepultus.
1371 1650 1464 1722 Mox

371 1750 519 1848 expleta
538 1746 748 1846 sepultura,
775 1747 907 1845 quibus
925 1748 1133 1822 iniunctum
1151 1750 1275 1824 fuerat
1292 1749 1463 1823 donatio·

369 1876 458 1925 nem
477 1847 678 1949 perficere,
703 1848 873 1922 volentes
890 1848 1065 1946 prohibiti
1085 1860 1181 1923 sunt.
1221 1851 1342 1925 Mater
1360 1851 1464 1925 enim

369 1951 508 2051 ipsius,
536 1949 659 2022 sciens
678 1972 719 2022 se
736 1950 1080 2024 heredemhabere
1099 1977 1144 2023 ex
1162 1950 1252 2049 filia,
1279 1951 1405 2025 missis
1424 1951 1462 2022 in

267 2141 271 2146 g
369 2052 518 2126 ltaliam
535 2048 683 2148 legatis7
702 2049 812 2123 iussit
829 2075 916 2123 eum
935 2050 1078 2123 adduci.
1123 2053 1168 2124 Et
1185 2052 1338 2126 veniens
1358 2051 1463 2151 peni-

368 2164 431 2226 tus
456 2149 696 2225 donationem
723 2150 930 2249 interdixit,
962 2161 1064 2225 etse
1091 2162 1238 2226 certum
1262 2164 1300 2226 et
1328 2177 1461 2227 verum

372 2277 457 2328 esse
475 2253 653 2326 heredem
670 2251 927 2349 proclamavit.
944 2279 947 2288 ’
1258 2289 1260 2298 1

209 2381 212 2386 ’
281 2380 361 2436 roro.
476 2355 532 2428 13.
567 2350 621 2423 be
645 2351 802 2439 Welfone
819 2352 897 2423 ΗΠ.
918 2356 979 2449 qui
991 2357 1134 2446 primur
1151 2355 1226 2440 fuit
1242 2353 1461 2427 duaBuwo-
1493 2368 1496 2378 “

369 2459 458 2528 riae.
504 2452 573 2526 Hic
592 2463 649 2525 est
667 2451 730 2527 ille
750 2452 865 2526 Guels
883 2455 945 2550 qui
963 2453 1106 2551 primus
1126 2481 1170 2528 ex
1189 2455 1327 2528 nostris
1350 2456 1462 2528 duca·

369 2567 451 2629 tum
476 2553 731 2627 Bawariorum
759 2555 935 2652 adeptuS,
966 2554 1167 2653 magnifica
1196 2556 1316 2628 multa
1350 2555 1388 2625 in
1414 2578 1457 2626 eo

371 2656 478 2730 sicut*
494 2665 532 2728 et
556 2654 593 2726 in
621 2654 703 2726 aliis
728 2654 834 2752 regni
858 2655 1025 2753 partibus
1044 2655 1199 2752 peregit.
1252 2655 1342 2726 Erat
1360 2654 1459 2727 enim

369 2756 427 2830 vir
458 2754 571 2828 armis
609 2766 827 2849 strennuus,
863 2753 1018 2826 consilio
1051 2754 1244 2852 providuS,
1278 2752 1459 2852 sapientia

370 2868 450 2930 tam
474 2854 616 2928 forensi
641 2879 753 2952 quam
778 2853 876 2927 ciuili
902 2853 1080 2952 preditus.
1133 2855 1237 2928 Unde
1265 2865 1302 2928 et
1329 2879 1461 2929 onmes

370 2964 616 3055 tempestates
640 2955 825 3030 bellorum
854 2965 982 3028 contra
1011 2979 1052 3028 se
1080 2965 1117 3028 et
1143 2966 1274 3028 contra
1298 2956 1391 3029 alios
1422 2956 1459 3029 in

370 3056 586 3131 invicem'in
612 3055 748 3129 finibus
767 3055 845 3129 suis
864 3066 1032 3152 exortas,
1059 3081 1197 3156 magna
1214 3058 1274 3144 vel
1292 3058 1461 3131 modera-

370 3159 474 3233 tione
497 3158 558 3231 vel
583 3157 783 3231 severitate
802 3157 1042 3255 compescuit.
1096 3157 1341 3256 Imperatori⁴
1360 3169 1459 3231 ante·

373 3284 487 3358 quam
505 3258 801 3331 machinationes
829 3258 865 3330 in
890 3267 1052 3331 mortem
1079 3281 1187 3332 suam
1213 3270 1399 3358 patrasset
1423 3267 1458 3330 et

373 3371 575 3456 antequam
611 3358 810 3433 ecclesiam
846 3357 914 3432 Dei
948 3357 1147 3432 manifeste
1188 3359 1457 3460 impugnasset,

373 3459 591 3544 fidelissime
623 3461 842 3558 adherebat,
875 3459 983 3556 eique
1014 3483 1099 3532 cum
1131 3472 1260 3535 contra
1290 3459 1456 3532 Saxones

374 3561 588 3659 dimicaret7
624 3561 662 3633 in
691 3564 810 3633 tribus
840 3559 1105 3635 funestissimis
1133 3557 1459 3661 congressionibus

373 3661 657 3737 strennuissime
676 3661 868 3734 militabat.
917 3663 966 3734 At
982 3661 1044 3734 ubi
1063 3663 1181 3736 multa
1199 3661 1395 3734 inhonesta
1412 3660 1454 3732 de

374 3789 418 3839 eo
445 3763 483 3837 in
509 3763 673 3837 medium
705 3764 1010 3862 proferebantur,
1047 3774 1084 3837 et
1115 3763 1212 3857 quod
1243 3759 1364 3832 maius
1391 3769 1455 3858 est,

375 3866 555 3938 domnum
582 3863 831 3962 apostolicum
850 3863 1075 3962 Gregorium
1092 3862 1165 3934 VH.
1188 3861 1373 3960 Gwiperto
1391 3861 1457 3933 Ra-

375 4046 400 4118 1)
418 4046 551 4102 Bodman.
623 4048 651 4118 2)
671 4045 727 4104 Ch.
740 4065 808 4118 quae
818 4049 901 4102 refert
911 4046 1002 4102 Codex
1014 4047 1209 4112 Traditionum,
1230 4045 1328 4099 Archiv
1341 4043 1384 4110 Vl,
1394 4043 1453 4096 49οι

373 4119 400 4190 3)
420 4121 498 4174 Diem
518 4121 606 4174 obitus
624 4139 648 4176 v.
667 4123 695 4174 in
713 4119 819 4175 Necroi.
840 4121 990 4188 Weingart.
1010 4138 1051 4191 ap.
1072 4117 1152 4175 Hess.
1173 4138 1198 4190 p.
1214 4119 1275 4174 154.
1314 4117 1369 4174 cfr.
1387 4118 1461 4170 hauu

372 4193 463 4260 Aitab.
484 4211 508 4248 a.
531 4194 610 4251 1055.
685 4194 712 4268 4)
734 4195 856 4249 videlicet
875 4193 1004 4248 Heinrico
1024 4193 1070 4246 lv.
