3100 4872
336 349 384 424 ³2
615 345 841 420 HISTORIA
864 345 1138 422 WELFORUM

332 547 542 620 pardugnstam
560 557 587 603 et
602 547 759 604 orientalem
774 545 911 602 Franciam
925 548 953 600 in
967 545 1109 601 Saroniam
1129 555 1258 618 portatus3
1278 546 1306 600 in
1325 563 1431 602 mona-

332 622 415 676 sterio
427 619 529 690 Ldther
547 621 693 676 honorilice
712 621 848 694 sepelitur.
886 619 946 674 Dux
968 637 1031 690 ergo
1044 618 1190 674 Heinricus
1210 637 1292 690 gener
1311 619 1378 685 eius,
1397 620 1430 676 in

332 711 430 786 quibus
455 712 553 767 linibus
577 713 694 778 obierat,
722 713 822 784 regalia
848 711 1006 772 reservavit,
1037 705 1078 767 ui
1096 712 1123 764 in
1147 711 1266 780 generali
1292 721 1429 768 conventu

223 804 270 860 vll,
286 803 323 850 22.
332 796 498 868 principum,
524 795 570 866 qui
595 796 623 847 iu
649 795 770 866 proximo
785 803 967 881 pentecosten
986 793 1141 864 Moguntiae
1167 794 1306 848 condictus
1329 796 1430 860 luerat,

331 879 577 982 pl'esenial‘ei.
626 885 741 952 Quidam
767 896 856 943 autem
883 903 914 939 ex
940 885 1119 956 principibus,
1148 884 1271 940 timentes
1297 902 1331 939 ue
1356 885 1430 940 forte

332 988 361 1023 an
385 969 503 1042 generali
530 969 603 1023 curia
628 967 775 1024 Heinricus
800 972 867 1031 dux,
896 965 942 1038 qui
970 977 1034 1021 tunc
1061 967 1183 1040 precipui
1207 977 1233 1022 et
1257 967 1373 1020 nominis
1400 977 1432 1023 ct

334 1043 470 1112 dignitatis
489 1043 516 1095 iu
536 1058 618 1112 regno
637 1042 701 1107 luit,
722 1058 770 1111 per
788 1040 934 1112 potentiam
950 1041 1110 1110 prevaleret,
1130 1041 1198 1095 eirca
1219 1040 1334 1094 mediam
1354 1057 1429 1110 qua-

333 1118 509 1186 dragesimam
536 1115 649 1169 consilio
675 1115 766 1169 babitu
790 1115 818 1168 in
842 1115 941 1184 oppidu
960 1112 1048 1168 Reni
1069 1111 1236 1168 Coulluentia
1264 1121 1429 1167 conventum

244 1183 481 1256 1138.celebrant‚
507 1188 600 1260 ibique
619 1187 807 1251 counradum,
832 1186 1007 1249 Friderici
1032 1187 1192 1249 fratrem,
1218 1189 1253 1240 dc
1272 1204 1325 1256 quo
1345 1203 1427 1256 supra
1536 1199 1538 1240 ἐ

222 1258 288 1313 Mrt.
298 1261 325 1318 7.
334 1262 462 1328 diximus,
490 1271 613 1332 presente
638 1259 819 1314 Theodewiuo
838 1261 964 1330 episcopo
983 1260 1112 1314 cardinali
1138 1277 1228 1330 regern
1251 1268 1350 1314 creant.
1389 1259 1429 1314 Aa

334 1335 452 1390 Saxones
468 1345 494 1387 et
506 1338 560 1387 dux
573 1333 717 1388 Heinricus
731 1333 839 1404 aliique,
859 1335 905 1404 qui
918 1333 1041 1386 electioni
1062 1351 1115 1386 uon
1128 1332 1314 1395 interfuerant,
1334 1349 1427 1402 regern

334 1426 389 1462 nou
409 1408 527 1478 legitime
545 1416 586 1462 set
604 1425 653 1478 per
672 1406 866 1477 surreptionem
887 1407 1000 1460 electum
1021 1406 1280 1476 calumpniabantur.
1319 1403 1430 1471 Quibus

332 1483 458 1536 omnibus
482 1481 510 1534 in
528 1481 650 1551 proximo
670 1489 837 1550 pentecostes
857 1479 988 1550 generalis
1007 1480 1081 1532 curia
1101 1477 1272 1534 babinberch
1291 1479 1428 1536 indicitur.

223 1560 271 1614 Vn,
287 1553 395 1620 23.Quo
409 1551 527 1608 Saxones
541 1571 633 1608 omnes
652 1554 730 1607 simul
744 1571 804 1610 cum
818 1554 925 1607 viduata
943 1552 1113 1623 imperatrice
1126 1551 1260 1606 llichenza
1280 1551 1432 1618 venientes,
1490 1576 1496 1588 =

332 1629 405 1682 ultro
417 1644 446 1681 se
459 1625 603 1682 Counradc
619 1627 676 1698 regi
696 1627 850 1681 subdidere.
888 1624 1033 1680 Heinricua
1053 1627 1106 1679 dux
1125 1625 1224 1696 regalia
1245 1643 1354 1678 servans
1373 1626 1428 1678 ab·

333 1711 404 1764 crat,
425 1702 458 1754 ad
484 1718 554 1773 quac
578 1701 714 1756 reddenda
740 1705 768 1754 in
793 1700 860 1756 sesto
884 1699 1065 1770 apostolorum
1086 1695 1160 1752 Petri
1179 1709 1207 1754 et
1224 1695 1303 1751 Pauli
1323 1699 1381 1754 dies
1401 1700 1428 1752 ei

331 1791 480 1864 Ratispone
494 1791 641 1862 prefigitur.
679 1790 741 1857 Quo
754 1785 871 1860 veniens}
892 1791 990 1862 regalia
1005 1790 1112 1862 quidem
1131 1771 1258 1845 multis
1276 1773 1429 1847 illectus
1536 1773 1538 1794 Ι

331 1873 529 1974 promissis
558 1891 692 1958 reunion,
721 1875 786 1949 sed
812 1875 858 1946 ad
886 1897 928 1946 ea
957 1899 1030 1971 que
1054 1866 1335 1948 ulteriussinter
1360 1897 1429 1948 eos

331 1977 526 2049 tractanda
554 1961 661 2050 erant
685 1975 764 2049 dies
791 1974 824 2048 ei
847 1974 885 2045 in
911 1974 1014 2048 brevi
1038 1984 1125 2071 post
1148 1976 1318 2072 Auguste
1343 2000 1426 2072 pre·

332 2077 516 2170 scribitur.
571 2077 653 2164 Quo
674 2103 720 2151 ex
738 2073 908 2149 condicto
929 2075 1133 2173 assumptis
1151 2073 1323 2148 fidelibus
1347 2075 1429 2148 suis

275 2177 279 2182 ’
332 2188 371 2252 et
388 2177 505 2251 milite
524 2202 599 2250 non
617 2177 765 2251 modico
780 2175 892 2273 venit,
912 2200 955 2248 ac
969 2198 1084 2273 super
1096 2173 1228 2248 Licum
1246 2201 1292 2249 ex
1311 2199 1428 2275 oppo-

333 2277 404 2350 sito
424 2277 596 2376 civitatis
621 2303 712 2377 rege
731 2277 921 2351 civitatem
938 2286 1109 2373 tenente,
1137 2286 1262 2350 castra
1287 2275 1426 2376 posuit.
1537 2295 1538 2370 ξ

331 2377 553 2453 lnternuntii
588 2388 715 2452 autem
748 2403 792 2452 ac
818 2377 1044 2451 mediatores
1070 2377 1115 2449 ad
1147 2378 1244 2458 hauc
1270 2401 1427 2450 causam
1535 2379 1538 2438 ’ζ

330 2478 584 2579 prenominati
609 2478 858 2578 pertriduum
884 2479 958 2551 hnc
977 2477 1128 2551 acilluc
1152 2471 1285 2576 sepius
1304 2489 1425 2552 trans·
1479 2519 1483 2528 ·
1537 2489 1538 2492 ’

331 2590 523 2678 meanteS,
550 2579 664 2653 nichil
688 2580 939 2677 profecerunt.
992 2579 1070 2652 Rex
1097 2579 1195 2652 enim
1220 2601 1294 2650 non
1314 2578 1429 2651 aliter
1537 2623 1538 2642 .

333 2680 645 2781 compositionem
672 2679 755 2756 fieri
772 2679 910 2776 voluit,
938 2679 1010 2751 nisi
1028 2680 1102 2773 dux
1120 2679 1278 2775 quedam
1298 2677 1343 2748 de
1362 2676 1426 2748 his.

332 2791 428 2881 quae
443 2807 465 2855 a
478 2781 655 2855 Lothario
670 2781 897 2881 imperatore
912 2789 1131 2878 susceperat
1144 2804 1186 2852 ac
1200 2777 1423 2877 possederat
1516 2803 1518 2811 '

330 2883 551 2982 resignaret.
604 2882 713 2971 Quod
731 2906 818 2956 cum
836 2880 909 2953 dux
927 2881 1154 2978 rennuisset,
1174 2904 1217 2952 ac
1236 2902 1277 2952 se
1294 2877 1428 2976 potius
1536 2893 1538 2948 ÷

332 2984 441 3059 dubie
460 2983 553 3056 sorti
577 2982 738 3083 supponi
763 2981 958 3080 elegisset,
986 2981 1215 3079 colloquium
1233 2996 1333 3051 intecto
1350 2995 1426 3065 panis

244 3169 246 3176 ¹
326 3102 438 3174 sentio
457 3084 680 3158 dissolutum
700 3094 767 3160 est.
819 3082 897 3157 Rex
915 3107 1005 3181 ergo
1025 3092 1197 3155 metuens
1223 3077 1360 3178 aliquid
1384 3079 1427 3153 in
1536 3101 1538 3182 f

331 3210 373 3260 se
397 3185 622 3282 machinari,
648 3184 736 3258 dum
762 3194 915 3283 peracta
941 3197 1034 3256 cena
1058 3183 1223 3255 cubitum
1243 3205 1284 3255 se
1302 3179 1357 3254 ire
1375 3179 1429 3252 si·
1536 3185 1538 3278 ᾗ

330 3286 505 3383 mularet7
524 3285 693 3358 adductis
712 3287 811 3381 clam
829 3282 1061 3382 equitaturis,
1081 3307 1167 3355 cum
1187 3281 1315 3381 paucis
1330 3279 1428 3353 nulli:
1532 3285 1538 3348 ’ἢ

332 3388 378 3460 de
405 3385 632 3486 principibus
658 3383 870 3461 valedicens
898 3382 1027 3479 exivit,
1056 3409 1100 3457 ac
1118 3383 1286 3457 'militem
1312 3405 1426 3454 suum.

332 3487 518 3585 reliquum
544 3487 582 3559 in
609 3511 746 3591 magno
767 3484 979 3559 discrimine
997 3484 1230 3582 relinquens,
1251 3499 1426 3570 Heroiponn

328 3588 510 3688 pervenit.
563 3587 616 3661 lbi
641 3611 742 3664 iudicio
772 3586 1005 3685 qUOl'undam
1031 3602 1181 3675 principum
1202 3605 1254 3656 dux
1273 3599 1426 3670 proscribi-

332 3713 410 3772 tur¹‚
437 3711 603 3778 ducatnsque
628 3706 652 3760 ei
679 3705 874 3760 abiudicantur.
913 3687 996 3759 Dux
1014 3712 1104 3785 ergo
1125 3687 1162 3758 ln
1182 3681 1424 3780 subsequenti

334 3791 392 3866 die
426 3801 513 3890 post
543 3814 739 3890 egressum
770 3789 870 3887 regis
902 3789 948 3862 de
978 3789 1166 3887 Augusta,
1203 3783 1281 3887 suis
1312 3793 1426 3881 prout

335 3993 360 4064 1)
380 3991 487 4048 Ottonis
500 3991 675 4062 Frisingeusis
688 3993 783 4046 verba:
803 4007 836 4046 oc
849 3995 974 4061 monimo
991 3991 1128 4044 concitate
1141 3987 1247 4042 Domini
1259 3983 1426 4041 Goslon'enst

333 4073 361 4122 in
378 4069 477 4137 potatio
495 4067 625 4120 industria
645 4065 735 4120 omisit
753 4074 853 4119 noster.
889 4062 946 4120 Cir.
965 4080 1033 4134 quae
1053 4063 1086 4115 de
1105 4061 1157 4116 isto
1176 4061 1238 4115 loco
1258 4077 1272 4112 a
1293 4056 1425 4112 monacho

259 4201 262 4205 .
333 4139 534 4210 weingartensi
553 4140 648 4193 falsato
669 4139 794 4192 disseruit
813 4137 956 4202 Wilmans‚
974 4133 1074 4190 Archiv
1094 4133 1145 4200 xl,
1165 4133 1285 4188 tow-45.
1323 4127 1426 4184 Cliton.
1537 4209 1538 4218 q

333 4211 458 4284 Ursperg.
479 4213 545 4268 baec
564 4215 644 4266 verba
665 4209 770 4266 Ottonis
790 4230 881 4266 rursus
901 4211 1010 4280 recepit.
