3100 4872
301 371 349 447 la
444 367 768 445 CONTINUATIO
794 365 1259 444 STAINGADEMENSIS.

299 581 473 670 sumptus
500 571 754 672 contingeret,
787 569 1040 670 principatum
1065 567 1256 665 Sardinia,
1288 569 1398 641 duca-

231 709 232 712 *
298 683 379 745 tum
398 670 564 770 Spoleti,
583 671 793 746 marchiam
811 671 964 768 Tuscia,
993 679 1031 744 et
1048 669 1243 769 egregiam
1262 667 1399 742 curtim

299 771 500 870 Elisinam‚
521 798 593 870 que
612 772 747 845 dicitur
765 772 899 844 domus
919 771 1056 844 domne
1074 767 1291 860 Mahthildis
1311 793 1399 842 cum
1448 821 1450 826 -

298 872 377 946 suis
397 873 628 971 appendiciis
641 871 862 971 imperatori
875 871 1062 945 Friderico
1079 870 1225 943 sororio
1240 893 1309 942 suo
1324 879 1399 942 tra-

299 972 405 1069 uidit,
441 973 523 1047 auri
557 983 596 1047 et
621 973 768 1072 argenti
799 971 1007 1069 quantitate
1038 994 1152 1068 quam
1182 969 1400 1069 postulabat

299 1082 465 1172 accepta.
520 1073 635 1147 Cuius
654 1072 812 1172 pecunie
844 1095 919 1145 non
950 1071 1140 1144 modicam
1170 1080 1319 1170 partem
1346 1069 1398 1141 di·
1474 1140 1478 1144 Α

297 1174 417 1248 versis
436 1173 676 1248 monasteriis
695 1197 763 1271 pro
782 1173 950 1247 remedio
970 1170 1094 1246 anime
1113 1195 1181 1245 sue
1201 1168 1397 1244 distribuit.

297 1273 460 1348 Maxime
479 1285 607 1348 tamen
625 1273 931 1373 Staingadmensi
950 1271 1111 1347 ecclesie
1132 1295 1245 1370 quam
1267 1271 1398 1344 funda·

297 1379 421 1470 verat,
446 1375 590 1448 obtulit.
628 1373 744 1448 Cuius
766 1373 880 1448 etiam
904 1373 1069 1446 artifices
1096 1382 1176 1445 tam
1200 1395 1398 1445 murorum

298 1500 412 1573 quam
432 1476 591 1549 aliarum
607 1474 731 1548 edium
747 1475 992 1572 quoadusque
1006 1472 1097 1546 vixit
1115 1471 1274 1571 singulis
1290 1470 1398 1544 annis

297 1601 366 1675 per
391 1599 433 1650 se
458 1599 702 1650 remunerare
729 1573 858 1648 voluit.
912 1575 1056 1648 Eodem
1084 1573 1199 1648 etiam
1225 1583 1398 1669 tempore

188 1697 288 1756 ists.
299 1675 515 1750 convocatis
542 1675 786 1774 optimatibus
814 1684 893 1772 tam
916 1673 1084 1748 Bawarie
1119 1697 1232 1772 quam
1259 1671 1397 1746 Suevie

297 1777 337 1851 in
364 1777 477 1875 plano
505 1775 583 1849 Lici
609 1777 706 1848 ultra
730 1778 959 1874 Augustam,
997 1774 1034 1856 in
1060 1775 1145 1848 loco
1174 1773 1238 1871 qui
1263 1771 1398 1845 dicitur

300 1876 438 1950 Concio
462 1877 609 1975 legum,
640 1876 836 1973 solempne
858 1876 1157 1974 penthechosten
1183 1871 1398 1970 celebravit,
1470 1951 1473 1954 ,

298 1977 687 2074 innumerabilemque
701 1975 981 2050 multitudinem
1000 1975 1248 2072 undecunque
1262 1974 1402 2046 coadu-¹

298 2089 446 2152 natam⁰
478 2078 581 2151 laute
611 2075 724 2177 pavit.
778 2074 900 2149 Omne
938 2077 1090 2149 demum
1128 2072 1399 2173 patrimonium

299 2203 412 2252 suum
428 2177 615 2252 Haeinrico
634 2176 805 2251 fratrueli
825 2200 907 2273 suo,
922 2175 1016 2248 rduci
1034 2175 1198 2248 Saxonie
1217 2185 1254 2248 et
1271 2173 1399 2247 Bawa-

298 2279 366 2376 rie,
392 2278 640 2352 conventione
660 2278 760 2351 facta
782 2277 931 2351 tradere
951 2275 1162 2375 spopondit.
1210 2272 1284 2348 Sed
1313 2283 1394 2346 orto

298 2379 476 2454 intereos
492 2378 737 2452 dissensionis
756 2377 948 2473 seandalo,
967 2377 1090 2475 ipsam
1104 2373 1399 2448 transactionem

300 2481 347 2554 ad
365 2479 636 2578 imperatorem
654 2477 885 2552 Fridericum
905 2488 943 2551 et
968 2476 1049 2551 eius
1075 2476 1175 2550 filios
1203 2474 1397 2549 convertit.

299 2581 511 2680 Imperator
539 2604 629 2679 ergo
649 2578 860 2652 Fridericus
888 2577 944 2651 vir
969 2578 1007 2650 in
1026 2576 1199 2649 omnibus
1225 2599 1343 2674 sagax
1362 2585 1401 2648 et

298 2681 497 2781 providus,
523 2681 561 2754 iu
589 2704 681 2754 auro
711 2689 749 2754 et
775 2689 932 2777 argento
958 2688 1038 2750 toto
1057 2677 1142 2750 nisu
1162 2674 1398 2749 satisfaciens

300 2781 513 2877 auunculo,
538 2780 716 2854 traditam
741 2779 811 2851 sibi
838 2777 1086 2852 hereditatem
1112 2778 1198 2876 lege
1223 2775 1400 2876 gencium

299 2881 486 2980 possedit,
512 2893 550 2954 et
575 2881 736 2978 quedam
755 2879 793 2952 in
812 2879 963 2978 signum
981 2876 1235 2976 possessionis
1254 2875 1323 2948 sibi
1343 2900 1399 2950 re-

191 3070 194 3075 ·
297 2982 421 3078 tinuit,
440 2979 595 3078 reliquis
610 3004 698 3055 vero
718 2979 843 3077 ipsum
859 2978 1091 3053 Gwelfonem
1111 2976 1398 3074 inbeneficiavit³

299 3081 462 3180 quedam
476 3081 591 3156 etiam
606 3081 651 3156 de
666 3081 744 3154 suis
759 3079 1025 3178 superaddidit.
1050 3080 1259 3177 Exceperat
1271 3087 1400 3150 tamen

167 3208 171 3212 ·
298 3182 399 3256 idem
426 3183 569 3257 Guelfo
602 3183 764 3280 quedam
789 3179 919 3279 predia
947 3205 1018 3278 que
1051 3178 1127 3253 iam
1162 3179 1300 3251 dudum
1328 3201 1398 3276 pro

298 3283 465 3358 remedio
486 3282 611 3358 anime
630 3305 697 3356 sue
718 3283 892 3354 daturum
911 3305 952 3354 se
970 3280 1050 3370 Deo
1069 3289 1236 3374 voverat,
1256 3277 1401 3352 scilicet

297 3381 583 3457 Vidanshoven1
612 3406 700 3456 cum
732 3381 809 3454 suis
843 3379 1094 3481 appendicia,
1132 3381 1230 3478 quod
1257 3378 1397 3452 Sancto

298 3483 409 3556 Petro
429 3484 468 3557 in
485 3483 631 3582 Augia²
651 3483 820 3578 donavita
848 3482 970 3581 Berge
991 3492 1028 3555 et
1046 3480 1186 3556 Wilare
1204 3505 1291 3554 cum
1319 3478 1398 3553 suis

298 3583 530 3684 appendiciis
556 3609 628 3682 que
651 3582 791 3657 Sancto
811 3583 970 3656 Martino
997 3581 1034 3655 in
1052 3584 1273 3681 Wingarten
1301 3581 1399 3655 dele-

299 3685 413 3784 gavit,
428 3683 776 3784 Widergeltdingen
795 3693 833 3757 et
851 3683 995 3756 curiam
1009 3682 1046 3756 in
1060 3683 1239 3781 Hornem7
1255 3681 1397 3778 Sardis,

299 3785 450 3884 singula
469 3809 556 3858 cum
581 3809 649 3858 suo
676 3785 773 3881 iure⁷
801 3809 873 3882 que
892 3782 1033 3858 Sancto
1056 3783 1213 3858 lohanni
1236 3782 1398 3881 baptiste

298 3887 337 3959 in
356 3885 586 3986 Staingaden
606 3910 674 3983 pro
695 3887 781 3958 dote
801 3885 936 3958 obtulit
946 3884 969 3956 ³.

301 4087 900 4212 1)Fiuazhotenpraefecturas‘ttaiensburg.
922 4140 951 4195 S.
1016 4139 1044 4211 2)
1057 4137 1227 4194 Weisseuau.
1293 4139 1319 4210 3)
1341 4135 1397 4192 cfr.

299 4214 405 4268 chartas
426 4214 579 4269 monasterii
598 4212 673 4268 Mon.
693 4212 768 4268 Bo'ic.
788 4213 837 4279 Vl,
857 4215 912 4268 492
931 4231 971 4284 sq.
1013 4231 1017 4237 ·
