3100 4872
513 357 920 442 waruuxxrxusrs.
1020 357 1021 362 ‘
1161 449 1164 456 ,
1213 331 1271 438 'ta

13 570 15 579 ’
163 561 376 642 successit..
417 561 662 662 Qui¹genuit
688 563 807 636 filium
826 558 1044 638 Heinricum
1067 565 1219 639 nomine
1238 565 1264 637 1.
1309 557 1312 564 ’

170 663 240 736 Hic
258 662 384 760 itaque
402 663 600 737 Heinrious
620 689 705 748 cum
725 664 771 737 ad
790 664 972 740 militares
991 690 1110 738 annos
1136 691 1267 766 perve-

170 763 289 838 nisset
314 774 357 862 *et
389 788 456 839 sue
486 765 694 839 voluntatis
724 777 880 864 compos
910 766 1036 864 fieret,
1067 767 1270 867 ignorante

169 875 277 962 patre
292 866 341 937 ad
361 865 630 964 imperatorem
650 890 691 940 se
709 865 878 940 contulit.
906 866 1076 966 Cumque
1093 867 1148 940 illi
1167 867 1271 942 sum'·

170 991 233 1038 ma
257 965 513 1040 familiaritate
531 967 750 1041 sociaretur
776 979 815 1042 et
841 967 956 1042 totius
989 969 1136 1066 imperii
1166 968 1265 1044 vires

92 1147 113 1158 Η
169 1068 353 1140 terminos
381 1067 461 1140 eius
488 1067 714 1142 circueundo
744 1078 781 1142 et
806 1073 1103 1168 pertranseundo
1128 1095 1271 1170 cogno·

172 1179 306 1264 sceret,
324 1169 477 1241 tandem
498 1169 653 1250 consilio
678 1168 891 1268 principum
909 1181 946 1244 et
967 1171 1131 1245 maxime
1148 1171 1271 1271 ipsius

171 1269 410 1368 imperatoris
433 1268 611 1343 instinctu
635 1269 845 1343 hominium
871 1271 904 1344 ei
932 1272 1267 1348 etsubiectionem

11 1353 15 1375 '
71 1423 72 1426 ,
128 1371 147 1393 ·’
170 1368 270 1466 fecit,
290 1381 327 1445 et
345 1371 382 1443 in
401 1370 583 1455 beneficio
600 1382 761 1470 quatuor
774 1372 878 1446 milia
891 1395 1093 1446 mansuum
1106 1373 1144 1446 in
1159 1398 1271 1473 supe·

171 1470 330 1544 rioribus
360 1471 529 1570 partibus
555 1471 729 1546 Baioarie
756 1475 801 1546 ab
827 1499 871 1546 eo
902 1475 1104 1573 suscepit2.
1158 1475 1267 1563 Quod

171 1583 384 1672 cumpater
403 1572 483 1646 eius
501 1569 749 1672 percepisset,
774 1585 879 1648 ratus
906 1575 1140 1654 nobilitatem
1158 1600 1267 1648 suam

171 1683 209 1752 et
221 1673 431 1754 libertatem
447 1672 558 1746 nimis
575 1698 659 1748 esse
674 1674 912 1774 declinatam,
926 1676 1024 1749 ultra
1038 1701 1152 1775 quant
1167 1676 1268 1751 credi

170 1774 292 1872 possit
310 1784 572 1849 consternatus
596 1774 743 1873 animo,
767 1776 936 1851 dolorem
960 1802 1069 1850 suum
1094 1777 1270 1852 omnibus
1337 1785 1359 1822 ²
1389 1821 1392 1830 ,

172 1875 269 1948 caris
293 1875 371 1948 suis
398 1876 590 1975 exposuit,
619 1886 656 1950 et
680 1878 884 1976 assumptis
908 1881 950 1955 12
980 1864 1143 1976 ex'ittis,
1170 1880 1267 1952 infra
1325 1913 1327 1916 ·

171 1986 364 2074 montana,
383 1979 429 2050 ad
448 1977 575 2052 villam
594 2003 667 2077 que
685 1977 821 2051 dicitur¹
837 1978 1056 2078 Ambirgou,
1076 1980 1270 2078 regalibus

171 2077 326 2150 edificiis
346 2089 384 2152 et
400 2079 705 2178 possessionibus
718 2079 917 2152 ditissimis
935 2080 1089 2178 relictis,
1110 2081 1269 2154 secessit

172 2189 209 2252 et
235 2177 284 2250 ibi
312 2204 388 2252 non
419 2181 556 2253 amodo
586 2181 735 2252 visurus
766 2178 886 2272 filium
918 2205 1029 2255 suum
1060 2181 1270 2256 consenuit,
1347 2207 1356 2227 ·

67 2351 71 2358 ,
172 2279 281 2378 Cepit
294 2291 331 2352 et
344 2279 660 2359 ibidemcolleotis
675 2280 871 2353 monachis
886 2282 1021 2356 cellam
1036 2294 1268 2383 construere,

119 2429 123 2436 ·
170 2379 209 2450 in
229 2405 301 2476 qua
320 2381 433 2453 etiam
461 2380 703 2478 postmodum
726 2405 812 2454 cum
836 2385 879 2457 12
905 2383 983 2456 suis
1007 2385 1185 2458 humatus
1211 2410 1272 2458 re-

173 2479 331 2577 quiescit
340 2479 362 2552 ³.
409 2481 606 2555 Heinrious
626 2493 752 2556 autem
770 2483 902 2557 volens
922 2485 1147 2559 omnimodis
1166 2487 1269 2558 dolo-

65 2656 67 2662 ,
171 2607 253 2658 rem
265 2581 383 2680 patris
398 2582 574 2682 mitigari,
593 2582 824 2682 presentiam
839 2583 919 2657 eius
932 2585 1042 2684 fugit,
1057 2611 1127 2660 neo
1141 2597 1270 2660 tamen

162 2682 355 2756 solacium
371 2683 658 2757 necessitudinis
673 2685 707 2758 ei
722 2685 924 2782 subtraxit,
944 2687 1070 2759 omnia
1085 2687 1184 2762 enim
1200 2711 1270 2760 sua

60 2839 63 2846 ⁴
171 2783 225 2856 illi
244 2784 406 2858 confinia
433 2811 478 2858 ex
504 2786 651 2886 integro
671 2786 717 2858 ad
741 2785 1028 2860 ministrandum
1047 2787 1081 2862 ei
1100 2787 1268 2864 subiecit.

172 2883 314 2959 Deinde
329 2896 523 2984 comperta
537 2886 655 2986 patris
669 2898 803 2984 morte,
817 2887 1015 2962 Heinrious
1026 2890 1273 2964 considerans
1319 2887 1321 2892 ’

172 2984 298 3057 locum
318 2986 380 3058 ubi
398 2987 495 3060 cella
512 2988 662 3086 incepta
679 2989 804 3070 fuerat
830 2987 1110 3071 incommodum
1139 3001 1176 3064 et
1203 2992 1272 3064 dif-

161 3085 323 3158 ficilem
338 3087 623 3182 claustralibus,
661 3089 706 3161 ad
732 3088 860 3163 villam
888 3089 969 3187 ques
986 3090 1120 3181 dicitur
1143 3092 1272 3166 Alten·

172 3185 389 3282 munsterl,
426 3189 487 3260 ubi
523 3199 676 3262 sanctus
707 3188 792 3263 Alto
826 3192 1021 3265 confessor
1055 3192 1272 3289 requiescit,

173 3287 409 3385 supradictos
428 3290 636 3380 monachos
656 3315 741 3364 oum
762 3291 935 3365 omnibus
954 3291 1032 3372 suis
1052 3293 1269 3392 transvexit,

174 3398 211 3461 et
230 3389 417 3462 abbatiam
441 3390 490 3463 ibi
515 3391 606 3464 satis
624 3390 842 3490 religiosam
863 3404 900 3467 et
923 3394 1076 3468 divitem
1100 3395 1269 3494 perfecit.

173 3489 308 3563 Postea
336 3501 373 3564 et
398 3491 436 3563 in
461 3491 665 3580 Altorfensi
690 3493 778 3566 villa
807 3494 994 3568 abhatiam
1022 3521 1107 3570 oum
1135 3497 1273 3588 sancti-

167 3706 198 3778 ¹l)
219 3704 317 3762 Etioho
338 3717 412 3780 pater
432 3707 564 3773 Hauriat,
584 3711 712 3766 fundator
731 3713 886 3766 monasterii
906 3713 932 3766 in
953 3712 1126 3784 Ammergau,
1147 3722 1272 3768 mortuus

173 3799 199 3834 o.
217 3797 242 3834 a.
262 3779 324 3845 910,
344 3782 414 3836 alius
434 3793 474 3836 est
493 3802 524 3836 ao
543 3784 627 3838 frater
648 3784 785 3851 ludithae‚
811 3787 926 3840 sortasse
945 3787 1002 3840 eius
1021 3805 1113 3858 nepos.
1152 3786 1194 3841 [le
1214 3796 1269 3840 tota

174 3853 329 3924 genealogia
358 3865 497 3926 sequente¹
513 3866 538 3910 et
563 3859 596 3912 de
620 3860 757 3913 erroribus
784 3879 798 3912 a
824 3870 915 3914 nostro
945 3861 1092 3914 commissis
1121 3879 1145 3914 v.
1172 3859 1267 3923 stetin,

176 3925 362 4000 Wirtemberg.
384 3928 482 3983 Gesch.
503 3929 523 3994 l,
543 3931 606 3984 251.
621 3931 690 3985 556.
765 3933 791 3996 2l
809 3931 852 3986 De
871 3933 923 3986 hoc
944 3933 1073 3988 Heinrico
1094 3933 1127 3987 ol.
1147 3933 1291 3998 fabulam,

174 4017 254 4070 quam
274 4003 352 4056 affert
370 4003 510 4056 Annalista
531 4004 601 4058 Saxo
622 4009 654 4058 ad
675 4023 699 4058 a.
722 4003 810 4072 1126.ι
894 4006 921 4076 3)
941 4005 1019 4060 Hanc
1038 4007 1134 4061 cellam
1155 4025 1188 4060 eo
1207 4007 1270 4060 loco

174 4073 257 4127 luisse
277 4087 465 4142 constructam,
478 4095 539 4148 ¹quo
559 4077 639 4132 hodie
653 4080 855 4150 celeberrimum
870 4081 1029 4150 coenobium
1042 4079 1201 4134 Etthalense
1220 4099 1270 4134 seu

175 4146 250 4200 vallis
260 4145 398 4204 Ethioonis
419 4151 547 4215 consistit,
568 4152 708 4206 docuimus
718 4151 813 4207 Prodr.
826 4171 946 4210 monum.
958 4153 1048 4209 Guell.
1060 4173 1085 4224 p.
1095 4154 1141 4208 23.
1161 4151 1269 4208 HESS.

173 4219 199 4292 4)
219 4220 405 4278 Altomiinster
425 4225 450 4276 in
471 4223 592 4278 Bawaria
612 4227 758 4296 superiore,
779 4225 958 4282 Wittelsbach
977 4231 1009 4281 ad
1032 4227 1179 4284 rnc'ridiom.
