3100 4872
291 383 339 456 52
607 374 818 454 HUGONlS
846 375 1071 451 CHRONICI
1159 394 1161 398 ·

292 581 453 656 obviavit
475 580 652 653 cinarus
677 581 859 652 caacitui.
903 579 1057 676 linitque
1079 578 1131 652 ibi
1153 579 1307 676 clanpor
1326 581 1390 653 bu·

292 686 395 756 cinae
420 687 456 753 et
479 680 653 774 strepitus
680 693 876 774 equorum,
893 686 929 752 et
951 677 1131 753 conclusit
1146 679 1325 754 Dominus
1351 683 1390 754 in

290 781 419 879 pladio
433 778 612 875 populum
629 801 746 864 suum.
779 778 877 869 Qud
890 778 1048 874 amplius
1061 778 1280 878 loquamur?
1296 781 1390 875 proh

292 881 423 957 dolori
447 877 662 955 inamabilis
678 879 894 954 Bernardus
911 879 1104 955 hiddensis
1120 885 1311 976 episcopus
1328 905 1392 955 ca·

286 986 378 1078 pitis
406 979 683 1055 obtruncatione
709 987 852 1073 martyr
883 983 1033 1070 effectus
1063 988 1135 1076 est,
1169 989 1205 1054 et
1234 980 1394 1056 domnus

291 1083 444 1171 Rufinus
458 1080 698 1155 Achornensis
712 1082 912 1175 episcopus,
932 1084 995 1177 qui
1012 1104 1154 1154 crucem
1168 1081 1392 1155 dominicam

293 1181 496 1278 baiolabat,
511 1184 650 1277 sapitta
658 1203 858 1273 percussus
872 1181 1020 1254 tandem
1033 1189 1201 1255 mortuas
1212 1189 1275 1256 est.
1303 1183 1391 1276 Ipsa

294 1305 380 1356 uero
408 1306 499 1356 cruc
524 1281 721 1375 dominico,
747 1284 785 1354 in
796 1304 878 1378 qua
895 1278 940 1354 de
957 1282 1072 1354 latere
1090 1281 1222 1356 Christi
1239 1287 1395 1378 sanquis

294 1390 330 1457 et
355 1405 454 1480 aqua
478 1385 663 1476 manauit,
691 1387 802 1474 capta
829 1387 902 1476 est,
932 1388 968 1455 et
991 1406 1056 1456 ren
1082 1386 1121 1455 in
1144 1387 1391 1478 captiuitatem

240 1484 245 1488 ’
295 1484 426 1557 ductus
450 1489 515 1578 est,
543 1483 717 1577 mapister
744 1481 877 1575 Templi
901 1489 937 1554 et
952 1479 1171 1578 Apmericus,
1198 1486 1319 1571 frater
1336 1508 1394 1557 re·

294 1587 362 1682 pis,
388 1591 425 1656 et
446 1580 715 1657 comestabulus
740 1588 776 1654 et
790 1581 1037 1656 nobilissimus
1051 1586 1220 1677 princeps
1237 1583 1393 1676 Reynal·

296 1683 400 1779 dus¹,
432 1687 493 1781 qui
517 1685 673 1777 propria
696 1705 809 1755 mauu
832 1681 1006 1755 Saladini
1025 1689 1233 1778 peremptus
1260 1690 1330 1778 est,
1358 1691 1392 1757 et

296 1784 362 1856 alii
387 1782 590 1875 christiani,
622 1805 777 1879 quoram
799 1785 949 1856 nomina
966 1783 1114 1879 lonpum
1133 1791 1189 1857 est
1205 1807 1392 1880 enarrare,

295 1891 372 1957 tam
386 1885 578 1957 servientes
591 1903 701 1977 quom
715 1882 858 1976 milites,
878 1888 955 1955 tam
972 1883 1155 1957 seculares
1169 1907 1280 1980 quam
1292 1908 1393 1958 oene-

297 1984 433 2060 rabiles
450 1986 590 2071 fratres
609 1980 742 2076 Templi
761 1988 796 2054 et
806 1982 1026 2078 Hospitalis,
1046 1982 1111 2056 alii
1128 1987 1308 2080 sapittati,
1328 1985 1394 2058 alii

296 2085 433 2158 lanceis
445 2085 641 2178 perforati,
661 2081 727 2156 alii
742 2081 880 2177 pladiis
898 2085 1072 2178 aaaron,
1092 2108 1165 2178 pro
1184 2083 1396 2173 defensione

296 2186 575 2258 christianitatis
603 2185 719 2255 uitam
748 2184 949 2270 finiverunt.
1007 2183 1133 2256 Volcns
1162 2187 1284 2282 itaque
1310 2210 1392 2280 pre·

297 2286 416 2359 dictus
429 2284 791 2376 tyrannus'uirtutem
809 2281 1016 2357 dominicae
1033 2287 1152 2358 eruas
1170 2288 1336 2381 apperiri,
1355 2289 1393 2358 in

290 2387 477 2482 presentia
499 2385 706 2478 principum
733 2386 909 2456 exercitus
935 2385 993 2456 sui
1014 2387 1104 2471 fecit
1120 2409 1201 2460 eam
1220 2389 1258 2458 in
1274 2389 1392 2483 ipncm

295 2485 532 2558 uehementem
540 2487 737 2578 prosterni,
750 2482 816 2556 sed
830 2507 911 2556 cum
924 2485 1008 2557 ilico
1018 2485 1257 2581 eprederetur,
1272 2493 1393 2580 stupe·

295 2590 421 2675 factus
446 2587 556 2658 iussit
576 2607 658 2656 earn
675 2588 713 2657 in
729 2607 798 2657 suo
818 2584 989 2659 thesauro
1007 2586 1227 2660 vehementer
1245 2595 1282 2659 et
1296 2611 1393 2662 reve·

296 2694 416 2761 renter
434 2684 624 2759 custodiri.
665 2684 767 2758 Haec
784 2688 897 2780 ipitur
914 2685 1016 2759 uobis
1033 2690 1266 2778 notificamus
1283 2686 1393 2762 lacri-

295 2786 477 2860 mabiliter
503 2785 748 2879 deprecantes,
776 2787 947 2880 quatinus
965 2810 1036 2880 pro
1054 2786 1296 2881 redemptione
1315 2791 1392 2862 arci-

295 2909 442 2960 marum
458 2892 664 2960 vestrarum
682 2889 812 2979 terrac,
830 2908 941 2980 quam
956 2885 1117 2960 Christus
1131 2912 1200 2961 suo
1213 2891 1395 2983 sanquine

277 3045 280 3050 .
297 2989 532 3080 consecrauit,
548 2983 699 3058 consilio
714 2991 749 3057 et
759 2985 899 3058 auritio
913 2994 1032 3060 vestro
1046 3010 1258 3062 succurrere
1271 2988 1392 3085 dipne·

295 3091 395 3182 mini,
422 3109 487 3160 nec
512 3110 594 3159 eam
619 3084 665 3158 ab
684 3088 839 3158 inimicis
858 3086 989 3163 Christi
1007 3088 1145 3162 diutius
1163 3091 1394 3184 coinquinari

224 3213 226 3220 ’
289 3191 499 3284 patiamini.
521 3274 523 3279 Ι
552 3187 671 3260 Facta
689 3193 777 3259 sunt
792 3193 915 3260 autem
931 3185 1021 3260 haec
1039 3212 1136 3263 anno
1156 3188 1202 3260 ab
1221 3192 1392 3264 incarna-

294 3293 390 3364 tione
406 3288 554 3361 Domini
575 3291 682 3360 1187.
1349 3325 1351 3330 ,

203 3388 283 3444 ¹¹83·
319 3435 325 3458 ,v
370 3387 552 3487 Sequenti
571 3411 669 3460 anno
687 3386 897 3462 Fridericus
915 3385 1119 3486 imperator
1135 3389 1393 3462 Romanorum

202 3461 284 3592 Μῆῑ·
295 3489 480 3563 dominica
498 3489 534 3561 iu
551 3488 674 3562 medio
690 3487 1004 3586 quadragesimae
1019 3489 1160 3562 curiam
1175 3489 1392 3588 Moguutiae

295 3614 379 3663 curn
400 3589 628 3687 principibus
648 3598 687 3662 et
705 3588 857 3687 prelatis
878 3588 1039 3664 ecclesie
1056 3590 1196 3664 habuit.
1242 3590 1309 3665 Ubi
1333 3613 1391 3664 re-

293 3690 414 3764 citatis
433 3690 550 3764 literis
570 3694 616 3764 de
637 3688 856 3765 contritione
875 3689 1152 3767 transmarinae
1168 3691 1392 3787 aecclesiae,

290 3790 373 3890 ipse
392 3791 565 3865 dominus
584 3792 791 3887 imperator
810 3802 847 3863 et
864 3789 962 3863 iilius
983 3791 1064 3864 eius
1082 3791 1300 3866 Fridericus'
1317 3795 1390 3863 dux

290 3892 507 3966 Swevorum
530 3915 614 3964 cum
636 3890 843 3989 episcopis,
860 3891 1056 3966 comitibus
1073 3903 1109 3964 et
1127 3891 1389 3965 innumerabili

292 3991 1390 4090 multitudinesignocrucisaccepto,expeditionemHiero-

292 4091 435 4166 solimis
455 4091 649 4190 disposuit.

293 4220 317 4291 1)
338 4221 372 4278 de
392 4217 533 4275 Chatillon.
