3100 4872
532 304 938 448 wsmasnssnsls.
1235 361 1276 428 n

188 565 274 631 teste
290 553 464 652 Hessio¹‚
492 561 554 654 qui
579 583 622 631 eu
648 583 689 631 eo
715 564 850 631 tectum
870 557 1007 631 codicis
1028 561 1058 630 1.
1078 556 1283 630 emendavit

122 729 124 732 ,
186 667 220 731 et
236 661 543 732 continuationem
562 658 669 732 dedit.
706 659 853 732 Paneas
866 662 943 732 eius
956 657 1124 731 lectiones
1141 661 1277 754 camos,

183 784 278 857 quus
297 753 398 832 dedit
411 760 575 855 Hessius,
595 759 777 835 adnotare
794 785 868 834 non
885 758 1187 854 supersedimus2.

203 908 206 913 -
284 860 361 935 Nos
374 884 445 955 pro
464 859 704 947 fundamento
719 860 886 938 editionis
898 863 1069 935 nimirum
1083 863 1140 931 usi
1152 883 1278 933 sumus

183 960 307 1034 codice
329 967 361 1057 1,
388 963 490 1036 euius
507 961 640 1035 menda
657 969 693 1036 et
709 965 921 1036 omissiones
934 964 1095 1056 primum
1113 959 1277 1034 adhibito

183 1060 309 1136 codice
328 1064 362 1138 2.
383 1065 606 1137 coercuimus
634 1069 669 1136 et
691 1063 934 1158 supplevimus
942 1091 958 1157 5
988 1085 1077 1134 raro
1104 1063 1214 1134 etiam
1242 1063 1276 1134 3.
1397 1109 1399 1118 ,

183 1170 322 1236 rectum
344 1161 530 1258 praebuit,
560 1187 642 1236 cum
660 1165 726 1237 alii
744 1170 937 1240 errassent.
973 1163 1169 1236 Praeterea
1196 1186 1278 1235 cum

184 1262 292 1337 nobis
312 1272 501 1339 constaret
516 1265 839 1362 Chronoqruphum
867 1264 1004 1338 codicis
1029 1263 1219 1336 Futdensis
1244 1268 1280 1335 et

185 1365 388 1439 Chronicon
409 1365 659 1463 Ursperyense,
691 1369 753 1464 qui
777 1367 981 1441 Historiam
1012 1372 1179 1439 nostram
1203 1389 1277 1457 pro

179 1474 289 1560 parte
308 1465 522 1566 adverbum
541 1466 762 1563 describunt,
789 1493 861 1541 non
890 1467 1013 1540 codice
1034 1472 1050 1540 1
1080 1465 1145 1540 sed
1171 1473 1277 1538 auto·

182 1567 323 1664 arapha
351 1569 430 1662 ipso
458 1570 541 1663 niti,
578 1571 718 1663 etipsa
744 1572 781 1642 in
808 1592 896 1643 usus
922 1576 1069 1641 nostros
1094 1569 1276 1640 vertimus.

184 1669 499 1742 Continuationem
516 1694 535 1742 e
553 1668 677 1742 codice
694 1669 993 1743 Haitenbuchensi
1019 1668 1169 1763 damus,
1196 1692 1277 1741 eum

184 1775 303 1842 tectus
333 1767 503 1843 Leibnizii
532 1773 656 1845 naeois
686 1776 844 1868 scatent,
880 1770 1062 1845 adnotata
1092 1792 1181 1843 sane
1210 1767 1276 1842 sub

181 1869 277 1965 siyta
296 1870 362 1968 (L)
381 1874 487 1944 varia
505 1873 581 1945 eius
599 1872 760 1968 lectione,
778 1875 874 1945 sicut
889 1881 924 1946 et
941 1876 962 1946 3
983 1880 1019 1945 et
1034 1875 1068 1944 4.
1113 1872 1277 1943 Lemma-

182 1977 232 2066 ta7
252 1995 345 2067 quae
362 1974 434 2057 fert
457 1979 486 2068 1,
514 1977 680 2068 quamvis
697 1998 770 2046 non
788 1976 863 2047 sint
877 1974 1047 2069 omuino,
1066 1973 1275 2066 recepimus,

181 2075 344 2164 cupitum
362 2072 626 2147 distinctionem
645 2073 689 2147 de
706 2081 834 2147 nostro
852 2077 1015 2160 fecimus.

280 2173 443 2246 Primam
473 2172 665 2248 editionem
694 2175 883 2248 Historiae
914 2197 948 2246 a.
984 2176 1091 2247 1601.
1130 2171 1276 2246 dedite
1330 2177 1343 2206 ⁸

180 2272 305 2346 codiee
332 2272 399 2347 SS.
422 2274 586 2348 Hdatrici
616 2283 652 2348 et
674 2274 789 2362 Afrae
815 2276 904 2373 (1⁰.)
938 2276 1104 2348 Canisius
1130 2281 1227 2346 tomo
1245 2275 1273 2345 1.

45 2404 46 2408 ¹
180 2376 389 2448 Lectionum
415 2379 675 2471 antiquarum5
702 2400 812 2473 quam
839 2376 1031 2451 editionem
1049 2376 1220 2471 Hasnoqe
1238 2399 1272 2446 a.

183 2478 290 2552 1725.
305 2483 413 2570 parte
428 2480 461 2551 2.
477 2480 566 2549 tomi
579 2478 642 2550 HI.
657 2481 806 2572 repetiit.
842 2477 981 2550 Eodem
1001 2476 1124 2550 codice
1143 2480 1274 2550 iterum

179 2578 351 2672 inspecto,
369 2577 568 2650 secundam
587 2579 777 2652 editionem
790 2581 1007 2674 procuravit
1031 2580 1087 2650 uir
1104 2577 1155 2649 itt.
1174 2574 1273 2650 Leib-

178 2680 306 2774 nizius,
326 2685 424 2752 tomo
442 2680 469 2750 Ι.
520 2679 751 2775 Scriptorum
768 2681 1096 2773 Brunsoicensium
1125 2685 1160 2750 et
1174 2684 1273 2751 tomo

178 2780 240 2851 HI.
268 2783 412 2852 auriam
438 2781 624 2855 tectionem
652 2781 856 2879 apoqraphi
888 2781 1167 2876 Weinqartensis
1185 2779 1272 2878 (if.)

179 2879 296 2976 aedit,
325 2884 700 2980 continuationemque
724 2882 1083 2979 Stainyademensem
1108 2906 1126 2953 e
1150 2880 1273 2954 codice

177 2985 389 3054 monasterii
406 2985 512 3056 istius
531 2983 686 3058 addidit.
725 2985 840 3056 Tertio
855 3008 889 3055 a.
905 2987 1000 3060 1784
1014 2986 1118 3054 iuuta.
1130 2981 1273 3055 codices
1397 3079 1400 3084 Ι

123 3151 126 3156 ,
183 3089 198 3154 1
228 3089 263 3154 et
288 3086 310 3154 4
340 3083 545 3156 Historiam
577 3109 658 3156 cum
689 3086 967 3157 Continuatione
996 3082 1112 3156 edidit
1140 3086 1272 3176 optime

178 3185 342 3279 notisque
355 3183 575 3257 doctissimis
594 3193 630 3257 et
639 3184 858 3280 perutitibus
876 3185 1074 3258 illustravit
1090 3185 1272 3282 Weinqar-

154 3335 156 3340 ,
177 3286 288 3357 tensis
306 3287 519 3358 monasterii
530 3288 639 3381 prior
657 3285 844 3362 Gerardus
861 3288 956 3361 Hess
968 3293 1076 3382 parte
1094 3285 1270 3361 historica
1396 3343 1398 3351 .

177 3383 493 3474 Monumentorum
514 3387 765 3478 Guetfieorum.

277 3505 440 3578 Berotini
457 3505 572 3581 Nonis
589 3505 798 3581 Februariis
816 3533 851 3581 a.
875 3512 982 3585 1869.

686 3614 970 3721 tonsurans
993 3649 1218 3724 aninmo.

180 4076 205 4142 1)
224 4076 257 4131 V.
277 4097 336 4150 pag.
359 4081 383 4136 1.
405 4080 448 4136 51.
470 4081 520 4134 121
542 4092 609 4137 nott.
627 4080 767 4153 Signatum
788 4094 845 4139 erat
865 4085 895 4140 G.
915 4087 983 4140 20.·
1051 4088 1078 4160 2)
1098 4086 1190 4144 Codex
1209 4092 1271 4146 col-

176 4149 240 4220 legii
269 4149 408 4222 Hispanici
433 4153 612 4210 Bononionsis
630 4157 683 4209 231
713 4157 848 4230 Anonymi
878 4160 911 4213 de
938 4157 1040 4216 Guelfis
1065 4172 1092 4217 ot
1118 4162 1268 4230 othenino,

175 4241 257 4296 quem
278 4228 388 4280 adnotat
407 4229 507 4282 Archiv
529 4227 563 4294 V,
585 4229 646 4294 590,
667 4248 834 4305 nequaquam
855 4230 991 4289 Historiae
1011 4245 1050 4290 est
1068 4238 1211 4307 putandus.
