3100 4872
349 383 667 458 CONTINUATIO
694 382 1095 458 WElNGARTENSlS.
1130 455 1134 462 ,
1222 387 1272 460 49

171 585 279 656 Anno
299 586 467 657 secundo
487 601 636 657 divorcium
656 601 758 655 iactum
775 610 814 657 eat
830 598 1003 657 Constantine
1018 601 1089 657 inter
1102 587 1269 657 Fridericuur
1294 609 1355 680 Λιιιι.

170 701 361 774 imperatorem
387 671 420 757 el
439 699 548 755 Adilar'n
573 701 656 756 liliam
675 699 792 773 Diopald
812 701 976 757 marchionis
996 689 1045 762 de
1063 687 1091 759 F
1093 686 1270 761 blieburc.
1279 666 1368 724 Μ
1430 726 1432 733 ,

117 783 119 788 ι
171 784 352 883 Sequenti
371 803 470 858 anni)
489 801 643 857 Fririericus
661 801 858 876 expeditionem
878 801 1029 858 Romanam
1049 819 1191 874 aggressus
1211 795 1273 860 est

172 885 259 958 curn
276 885 601 961 'Beatriceuxore
629 909 718 982 sua
744 885 821 959 filia
848 885 1021 960 ditissimi
1049 884 1197 960 comitis
1225 889 1271 960 de

171 987 310 1061 Sancto
325 986 498 1085 Egidio,·
489 1023 518 1058 ιιι
531 1020 584 1076 qua
598 942 780 1077 imperiali-
744 1013 939 1059 -rerertena
967 987 1056 1060 Posi
1070 987 1190 1059 llaec
1181 1021 1274 1076 rmpe-

170 1114 246 1160 rator
258 1108 378 1160 secundo
393 1103 639 1178 expeditionenr-
653 1121 724 1158 anno
738 1103 863 1158 videlicet
878 1103 957 1160 1159.
994 1087 1047 1160 ΕΟ
1068 1110 1166 1158 anno
1185 1087 1272 1185 piae

172 1211 381 1261 memoriae
391 1188 575 1262 Adrianus
587 1209 692 1286 papa
700 1188 802 1283 obiit,
817 1197 853 1260 et
862 1183 1074 1260 Alexandro
1091 1187 1272 1260 canonice

173 1290 306 1386 electo,
326 1289 467 1363 scisma
480 1286 870 1403 periculosissimum
862 1298 960 1360 mter
972 1287 1097 1386 ipsum
1112 1287 1272 1361 Alexan-

173 1394 280 1464 drum
297 1401 334 1463 et
349 1390 596 1465 Octavianum
612 1389 721 1502 oepit
757 1387 862 1464 Circa
878 1387 978 1461 idem
992 1399 1168 1488 tempus
1160 1424 1189 1459 ιιι
1202 1405 1272 1460 resto

171 1493 256 1544 sancti
276 1486 424 1544 Clementis
445 1521 479 1531 -
499 1488 680 1545 Constantiae.

246 1565 299 1636 Ea
324 1574 556 1663 tempestate
583 1563 699 1660 legati
722 1560 986 1660 imperatoris¹
1014 1585 1035 1634 a
1061 1561 1273 1635 Constanti-

171 1664 389 1761 nopolitano
416 1669 508 1738 urbe
531 1663 674 1738 reversi
704 1664 890 1776 quaedam
910 1663 1033 1776 magis
1053 1662 1272 1736 admiranda

173 1789 286 1862 quam
319 1768 506 1839 credenda
539 1763 797 1838 reler'ebant
788 1787 823 1834 ιιι
862 1763 1011 1861 scriptis
1043 1763 1271 1858 huiusmodi,

101 1923 106 1936 .
174 1875 209 1937 et
242 1865 314 1937 hoc
340 1890 386 1939 ex
411 1867 593 1939 relatione
622 1862 848 1938 Galrulensis
873 1864 1048 1962 Episcopi
1079 1867 1125 1938 de
1152 1863 1270 1958 Syria.

138 2007 141 2011 ·
171 1981 304 2037 lohannes
318 1983 763 2054 qordampresbyterultra
778 1983 947 2052 smaragdino
961 1983 999 2036 uu
1013 1983 1126 2038 dreatur
1163 1964 1270 2038 Eius·
1279 1965 1362 2068 Οῑὲξζί
1343 1976 1382 2013 ¹¹⁵·

173 2068 258 2139 dem
289 2090 379 2138 vero
405 2067 583 2140 Iohannis
609 2077 748 2180 quanta
776 2067 824 2138 sit
848 2065 1011 2162 dignitas
1036 2076 1074 2137 et
1091 2025 1337 2164 potentiam?
1345 2080 1383 2130 ³³·
1455 2085 1457 2090 ·

172 2165 321 2264 plenius
343 2167 522 2264 cognosci
540 2166 677 2264 poterit
696 2190 742 2238 ex
762 2165 922 2264 epistula
942 2182 1053 2263 quam
1072 2165 1172 2238 idern
1187 2166 1273 2240 Em-

112 2317 123 2346 .
172 2265 1272 2382 rnanrreliimperatoriGrecorumperapocrisariumsuum

172 2362 335 2439 misici.
364 2368 438 2440 Sed
465 2391 566 2440 nunc
592 2371 794 2440 redeamus
819 2369 864 2440 ad
892 2367 1074 2440 ordinem.
1122 2382 1274 2455 Imperator

278 2521 388 2582 ducem
411 2523 569 2584 Saxonum
593 2513 854 2596 etBawaroru'rn,
877 2521 975 2584 lilium
1000 2521 1145 2583 avunculi
1170 2521 1216 2582 srri
1239 2527 1272 2583 et
1301 2553 1315 2560 —

278 2603 434 2665 Wellonis
457 2606 651 2682 fratruelem,
675 2607 800 2666 duobus
822 2570 912 2666 annis
930 2605 1023 2668 bellis
1039 2605 1186 2679 attritum,
1209 2607 1273 2665 ab·

276 2683 342 2750 lato
371 2698 505 2768 utroque
534 2689 649 2752 ducatu
683 2707 741 2750 nec
773 2709 836 2749 non
871 2687 1032 2750 beneficiis
1065 2697 1095 2750 et
1122 2687 1271 2768 praediis,

278 2771 360 2834 exilii
382 2773 613 2872 proscriptione
637 2773 830 2852 dampnavit

362 2856 425 2919 Sub
454 2856 518 2919 hoc
545 2858 637 2918 etiarn
666 2855 832 2918 saladinus
860 2875 915 2918 rex
944 2855 1155 2937 Babyloniae,
1186 2853 1273 2916 omni

280 2938 455 3002 Palaestina
479 2949 648 3020 occupata,
680 2939 781 3020 ipsam
805 2939 918 3001 Christi
941 2941 1051 3001 urbem
1072 2937 1272 3000 Hierusalem

278 3023 372 3101 cepit,
395 3043 480 3084 anno
498 3026 536 3084 ab
553 3023 769 3085 incarnatione
784 3023 910 3083 Domini
929 3024 1019 3088 1187.
1050 3023 1141 3094 Auno
1159 3021 1274 3084 dehinc
1311 3027 1312 3032 ’

239 3107 244 3116 ’
278 3103 371 3176 tertio
389 3106 471 3167 circa
487 3105 599 3167 festum
616 3106 715 3167 sancti
733 3104 850 3180 Georii,
865 3105 1036 3185 imperator
1050 3103 1272 3166 Hierosolimis

279 3188 511 3268 expeditionem
535 3189 634 3250 movit
650 3209 718 3249 corn
735 3187 801 3250 filio
816 3187 975 3250 Friderico
993 3189 1072 3250 duce
1088 3187 1273 3250 Swevorum

279 3280 311 3333 et
339 3271 496 3354 episcopis
520 3281 551 3333 et
574 3271 742 3334 comitibus
770 3281 801 3333 et
828 3271 1048 3334 innumerabili
1076 3269 1274 3333 multitudine
1348 3271 1351 3277 ’

280 3355 452 3417 electorum
476 3355 619 3420 militurn.
652 3356 820 3418 Transiens
842 3364 945 3418 autern
969 3355 1120 3418 hiemavit
1141 3355 1171 3415 in
1188 3354 1273 3417 Gre-

279 3438 337 3510 cia,
361 3445 392 3499 et
414 3440 496 3501 eirea
518 3439 640 3519 pascha
663 3458 731 3500 cunr
756 3440 841 3500 omni
862 3438 1060 3501 multitudine
1076 3446 1273 3501 transvectus

278 3521 444 3594 brachium
465 3525 564 3583 sancti
588 3521 725 3604 Georgii,
749 3522 833 3603 quod
858 3532 906 3585 est
927 3541 1016 3584 mare
1038 3523 1272 3602 Propontieum,

268 3618 350 3666 'cum
377 3605 553 3666 incredibili
580 3605 723 3685 periculo
752 3606 879 3668 suorum
904 3606 1031 3686 tandem
1054 3607 1135 3667 circa
1159 3610 1274 3686 pente-

279 3696 387 3750 costen
418 3689 503 3749 venit
528 3689 679 3753 leonium.
724 3687 792 3762 Qua
816 3691 944 3750 subacta
968 3697 999 3751 et
1022 3688 1106 3749 omni
1128 3695 1272 3750 recreato

278 3771 427 3848 exercitu,
451 3791 520 3834 cunr
544 3791 667 3834 summa
691 3772 850 3834 alacritate
867 3779 992 3854 ceptum
1008 3771 1067 3833 iter
1082 3771 1272 3852 aggreditur.

275 3856 338 3917 Sed
362 3820 487 3919 oechlto
505 3855 561 3916 [tei
585 3855 701 3918 iudicio
725 3856 806 3918 iuter
823 3864 947 3918 montes
963 3858 1072 3936 Angue
1087 3854 1274 3917 lacrimabili

279 3941 366 4001 obitu
395 3942 456 4002 vita
489 3937 642 4020 privatus,
673 3952 756 3999 annu
785 3939 872 4036 regni
903 3939 951 4001 sui
974 3937 1025 4004 38.
1069 3937 1168 3999 liuius
1195 3957 1271 3999 vero

278 4019 362 4084 lilius
384 4039 487 4088 etc.-
508 4041 592 4084 anno
615 4024 655 4084 ab
677 4023 895 4084 incarnatione
918 4021 1045 4084 Domini
1070 4021 1160 4087 1191.

175 4147 200 4218 1)
225 4145 269 4202 De
292 4147 334 4203 hie
356 4150 452 4221 legatis
475 4151 647 4224 imperatoris
675 4148 741 4206 Otto
765 4131 913 4224 Frisingss
905 4169 934 4206 ιιι
958 4149 1094 4206 Chronico
1118 4150 1157 4206 nil
1182 4149 1274 4207 habet.

173 4221 200 4290 2)
219 4219 298 4276 llaec
317 4222 429 4294 epistola
450 4227 543 4280 eodem
564 4226 617 4280 hoc
636 4224 729 4280 codice
748 4224 863 4280 iuferius
882 4239 931 4299 per
950 4233 1089 4280 extensum
1108 4224 1274 4281 continetur.

995 4303 1018 4373 4
