<?xml version="1.0" encoding="UTF-8"?>
<!DOCTYPE html PUBLIC "-//W3C//DTD XHTML 1.0 Transitional//EN"
    "http://www.w3.org/TR/xhtml1/DTD/xhtml1-transitional.dtd">
<html xmlns="http://www.w3.org/1999/xhtml" xml:lang="en" lang="en">
 <head>
  <title>
</title>
<meta http-equiv="Content-Type" content="text/html;charset=utf-8" />
  <meta name='ocr-system' content='tesseract 3.04.00' />
  <meta name='ocr-capabilities' content='ocr_page ocr_carea ocr_par ocr_line ocrx_word'/>
</head>
<body>
  <div class='ocr_page' id='page_1' title='image "./monumentawelfor00honogoog_0018.png"; bbox 0 0 3100 4872; ppageno 0'>
   <div class='ocr_carea' id='block_1_1' title="bbox 261 352 1066 436">
    <p class='ocr_par' dir='ltr' id='par_1_1' title="bbox 261 352 1066 436">
     <span class='ocr_line' id='line_1_1' title="bbox 261 352 1066 436; baseline 0.004 -5"><span class='ocrx_word' id='word_1_1' title='bbox 261 361 304 432; x_wconf 78' lang='lat'>12</span> <span class='ocrx_word' id='word_1_2' title='bbox 540 352 767 434; x_wconf 82' lang='lat' dir='ltr'>HISTORIA</span> <span class='ocrx_word' id='word_1_3' title='bbox 788 356 1066 436; x_wconf 84' lang='lat' dir='ltr'><strong>WELFORUM</strong></span> 
     </span>
    </p>
   </div>
   <div class='ocr_carea' id='block_1_2' title="bbox 483 764 1011 844">
    <p class='ocr_par' dir='ltr' id='par_1_2' title="bbox 483 764 1011 844">
     <span class='ocr_line' id='line_1_2' title="bbox 483 764 1011 844; baseline 0.006 -5"><span class='ocrx_word' id='word_1_4' title='bbox 483 764 487 785; x_wconf 69' lang='lat'>⁸</span> <span class='ocrx_word' id='word_1_5' title='bbox 599 767 768 844; x_wconf 83' lang='lat' dir='ltr'><strong>INCIPIT</strong></span> <span class='ocrx_word' id='word_1_6' title='bbox 795 769 1011 844; x_wconf 83' lang='lat' dir='ltr'><strong>CIIONICA.</strong></span> 
     </span>
    </p>
   </div>
   <div class='ocr_carea' id='block_1_3' title="bbox 141 903 1358 2423">
    <p class='ocr_par' dir='ltr' id='par_1_3' title="bbox 151 903 1358 1814">
     <span class='ocr_line' id='line_1_3' title="bbox 361 903 1355 1006; baseline 0.005 -28"><span class='ocrx_word' id='word_1_7' title='bbox 361 911 390 979; x_wconf 90' lang='lat'>1</span> <span class='ocrx_word' id='word_1_8' title='bbox 436 903 716 980; x_wconf 88' lang='lat' dir='ltr'>Generaciones</span> <span class='ocrx_word' id='word_1_9' title='bbox 736 905 947 1006; x_wconf 81' lang='lat' dir='ltr'>principum</span> <span class='ocrx_word' id='word_1_10' title='bbox 967 917 1181 982; x_wconf 89' lang='lat' dir='ltr'>nostrorum</span> <span class='ocrx_word' id='word_1_11' title='bbox 1204 935 1355 984; x_wconf 87' lang='lat' dir='ltr'>summa</span> 
     </span>
     <span class='ocr_line' id='line_1_4' title="bbox 151 1003 1358 1122; baseline 0.005 -44"><span class='ocrx_word' id='word_1_12' title='bbox 151 1085 153 1091; x_wconf 16' lang='lat' dir='ltr'><em>A</em></span> <span class='ocrx_word' id='word_1_13' title='bbox 256 1003 446 1122; x_wconf 77' lang='lat' dir='ltr'>diligentia</span> <span class='ocrx_word' id='word_1_14' title='bbox 467 1005 755 1106; x_wconf 70' lang='lat' dir='ltr'>investigantes,</span> <span class='ocrx_word' id='word_1_15' title='bbox 774 1032 818 1080; x_wconf 90' lang='lat' dir='ltr'>ac</span> <span class='ocrx_word' id='word_1_16' title='bbox 834 1007 1021 1082; x_wconf 91' lang='lat' dir='ltr'>multum</span> <span class='ocrx_word' id='word_1_17' title='bbox 1012 1035 1047 1082; x_wconf 90' lang='lat' dir='ltr'>rn</span> <span class='ocrx_word' id='word_1_18' title='bbox 1069 1010 1227 1085; x_wconf 89' lang='lat' dir='ltr'>diversis</span> <span class='ocrx_word' id='word_1_19' title='bbox 1248 1013 1358 1084; x_wconf 84' lang='lat' dir='ltr'>chro-</span> 
     </span>
     <span class='ocr_line' id='line_1_5' title="bbox 255 1107 1356 1223; baseline 0.005 -44"><span class='ocrx_word' id='word_1_20' title='bbox 255 1108 415 1194; x_wconf 75' lang='lat' dir='ltr'>nicIset</span> <span class='ocrx_word' id='word_1_21' title='bbox 440 1107 662 1208; x_wconf 71' lang='lat' dir='ltr'>meteriis</span> <span class='ocrx_word' id='word_1_22' title='bbox 632 1133 712 1182; x_wconf 85' lang='lat' dir='ltr'>sive</span> <span class='ocrx_word' id='word_1_23' title='bbox 740 1108 916 1223; x_wconf 78' lang='lat' dir='ltr'>aqtiquis</span> <span class='ocrx_word' id='word_1_24' title='bbox 917 1109 1134 1211; x_wconf 76' lang='lat' dir='ltr'>priuilegiis</span> <span class='ocrx_word' id='word_1_25' title='bbox 1162 1116 1356 1210; x_wconf 88' lang='lat' dir='ltr'>querendo</span> 
     </span>
     <span class='ocr_line' id='line_1_6' title="bbox 255 1199 1353 1306; baseline 0.006 -24"><span class='ocrx_word' id='word_1_26' title='bbox 255 1211 489 1306; x_wconf 82' lang='lat' dir='ltr'>laborantes</span> <span class='ocrx_word' id='word_1_27' title='bbox 513 1199 660 1283; x_wconf 91' lang='lat' dir='ltr'>nullum</span> <span class='ocrx_word' id='word_1_28' title='bbox 686 1210 906 1283; x_wconf 88' lang='lat' dir='ltr'>nominatim</span> <span class='ocrx_word' id='word_1_29' title='bbox 933 1222 1020 1284; x_wconf 90' lang='lat' dir='ltr'>ante</span> <span class='ocrx_word' id='word_1_30' title='bbox 1040 1213 1263 1288; x_wconf 85' lang='lat' dir='ltr'>Guelfonem</span> <span class='ocrx_word' id='word_1_31' title='bbox 1294 1239 1353 1288; x_wconf 90' lang='lat' dir='ltr'>co·</span> 
     </span>
     <span class='ocr_line' id='line_1_7' title="bbox 256 1311 1356 1411; baseline 0.004 -27"><span class='ocrx_word' id='word_1_32' title='bbox 256 1312 385 1384; x_wconf 90' lang='lat' dir='ltr'>mitem</span> <span class='ocrx_word' id='word_1_33' title='bbox 398 1312 498 1410; x_wconf 78' lang='lat' dir='ltr'>‚qui</span> <span class='ocrx_word' id='word_1_34' title='bbox 528 1323 697 1408; x_wconf 90' lang='lat' dir='ltr'>tempore</span> <span class='ocrx_word' id='word_1_35' title='bbox 716 1311 841 1384; x_wconf 91' lang='lat' dir='ltr'>Karoli</span> <span class='ocrx_word' id='word_1_36' title='bbox 864 1313 991 1411; x_wconf 85' lang='lat' dir='ltr'>Magni</span> <span class='ocrx_word' id='word_1_37' title='bbox 1016 1313 1192 1410; x_wconf 45' lang='lat' dir='ltr'>lueratf</span> <span class='ocrx_word' id='word_1_38' title='bbox 1183 1314 1356 1388; x_wconf 84' lang='lat' dir='ltr'>invenire</span> 
     </span>
     <span class='ocr_line' id='line_1_8' title="bbox 255 1367 1354 1512; baseline 0.006 -28"><span class='ocrx_word' id='word_1_39' title='bbox 255 1367 487 1512; x_wconf 83' lang='lat' dir='ltr'>poteramus.</span> <span class='ocrx_word' id='word_1_40' title='bbox 538 1414 763 1486; x_wconf 90' lang='lat' dir='ltr'>Necessario</span> <span class='ocrx_word' id='word_1_41' title='bbox 783 1414 905 1510; x_wconf 83' lang='lat' dir='ltr'>igitur</span> <span class='ocrx_word' id='word_1_42' title='bbox 913 1415 1142 1488; x_wconf 85' lang='lat' dir='ltr'>narracionis</span> <span class='ocrx_word' id='word_1_43' title='bbox 1164 1413 1273 1488; x_wconf 90' lang='lat' dir='ltr'>huius</span> <span class='ocrx_word' id='word_1_44' title='bbox 1295 1441 1354 1490; x_wconf 90' lang='lat' dir='ltr'>se·</span> 
     </span>
     <span class='ocr_line' id='line_1_9' title="bbox 254 1514 1352 1613; baseline 0.004 -27"><span class='ocrx_word' id='word_1_45' title='bbox 254 1515 347 1587; x_wconf 87' lang='lat' dir='ltr'>riem</span> <span class='ocrx_word' id='word_1_46' title='bbox 369 1518 414 1588; x_wconf 90' lang='lat' dir='ltr'>ab</span> <span class='ocrx_word' id='word_1_47' title='bbox 435 1514 604 1588; x_wconf 89' lang='lat' dir='ltr'>eodem</span> <span class='ocrx_word' id='word_1_48' title='bbox 596 1514 761 1613; x_wconf 85' lang='lat' dir='ltr'>incipere</span> <span class='ocrx_word' id='word_1_49' title='bbox 790 1519 995 1612; x_wconf 82' lang='lat' dir='ltr'>oportebat.</span> <span class='ocrx_word' id='word_1_50' title='bbox 1045 1517 1194 1592; x_wconf 85' lang='lat' dir='ltr'>Scimus</span> <span class='ocrx_word' id='word_1_51' title='bbox 1224 1527 1352 1590; x_wconf 90' lang='lat' dir='ltr'>tamen</span> 
     </span>
     <span class='ocr_line' id='line_1_10' title="bbox 257 1615 1356 1713; baseline 0.003 -24"><span class='ocrx_word' id='word_1_52' title='bbox 257 1641 302 1689; x_wconf 87' lang='lat' dir='ltr'>ex</span> <span class='ocrx_word' id='word_1_53' title='bbox 325 1615 494 1713; x_wconf 86' lang='lat' dir='ltr'>plurimis</span> <span class='ocrx_word' id='word_1_54' title='bbox 520 1615 810 1690; x_wconf 85' lang='lat' dir='ltr'>circumstantiis</span> <span class='ocrx_word' id='word_1_55' title='bbox 831 1627 868 1688; x_wconf 89' lang='lat' dir='ltr'>et</span> <span class='ocrx_word' id='word_1_56' title='bbox 891 1616 984 1689; x_wconf 89' lang='lat' dir='ltr'>alios</span> <span class='ocrx_word' id='word_1_57' title='bbox 1004 1633 1092 1694; x_wconf 91' lang='lat' dir='ltr'>ante</span> <span class='ocrx_word' id='word_1_58' title='bbox 1109 1643 1198 1690; x_wconf 91' lang='lat' dir='ltr'>eum</span> <span class='ocrx_word' id='word_1_59' title='bbox 1222 1618 1356 1713; x_wconf 74' lang='lat' dir='ltr'>fuisse,</span> 
     </span>
     <span class='ocr_line' id='line_1_11' title="bbox 256 1717 1354 1814; baseline 0.003 -24"><span class='ocrx_word' id='word_1_60' title='bbox 256 1717 317 1814; x_wconf 92' lang='lat' dir='ltr'>qui</span> <span class='ocrx_word' id='word_1_61' title='bbox 335 1719 431 1789; x_wconf 90' lang='lat' dir='ltr'>hauc</span> <span class='ocrx_word' id='word_1_62' title='bbox 445 1717 596 1790; x_wconf 90' lang='lat' dir='ltr'>domum</span> <span class='ocrx_word' id='word_1_63' title='bbox 610 1717 722 1790; x_wconf 87' lang='lat' dir='ltr'>ctiam</span> <span class='ocrx_word' id='word_1_64' title='bbox 738 1728 826 1790; x_wconf 90' lang='lat' dir='ltr'>ante</span> <span class='ocrx_word' id='word_1_65' title='bbox 838 1729 1056 1814; x_wconf 89' lang='lat' dir='ltr'>susceptam</span> <span class='ocrx_word' id='word_1_66' title='bbox 1070 1719 1354 1794; x_wconf 88' lang='lat' dir='ltr'>christianitatis</span> 
     </span>
    </p>

    <p class='ocr_par' dir='ltr' id='par_1_4' title="bbox 141 1817 1357 2120">
     <span class='ocr_line' id='line_1_12' title="bbox 141 1817 1351 1936; baseline 0.005 -48"><span class='ocrx_word' id='word_1_67' title='bbox 141 1849 142 1852; x_wconf 41' lang='lat'>¹</span> <span class='ocrx_word' id='word_1_68' title='bbox 254 1817 367 1892; x_wconf 89' lang='lat' dir='ltr'>fidem</span> <span class='ocrx_word' id='word_1_69' title='bbox 397 1817 546 1915; x_wconf 87' lang='lat' dir='ltr'>magnis</span> <span class='ocrx_word' id='word_1_70' title='bbox 574 1817 709 1891; x_wconf 90' lang='lat' dir='ltr'>divitiis</span> <span class='ocrx_word' id='word_1_71' title='bbox 740 1829 776 1890; x_wconf 90' lang='lat' dir='ltr'>et</span> <span class='ocrx_word' id='word_1_72' title='bbox 799 1819 1002 1892; x_wconf 90' lang='lat' dir='ltr'>honoribus</span> <span class='ocrx_word' id='word_1_73' title='bbox 1031 1825 1351 1936; x_wconf 82' lang='lat' dir='ltr'>gubernaverunt,</span> 
     </span>
     <span class='ocr_line' id='line_1_13' title="bbox 256 1920 1357 2021; baseline 0.002 -29"><span class='ocrx_word' id='word_1_74' title='bbox 256 1931 293 1992; x_wconf 91' lang='lat' dir='ltr'>et</span> <span class='ocrx_word' id='word_1_75' title='bbox 312 1945 450 1992; x_wconf 90' lang='lat' dir='ltr'>nomen</span> <span class='ocrx_word' id='word_1_76' title='bbox 470 1944 579 1992; x_wconf 90' lang='lat' dir='ltr'>suum</span> <span class='ocrx_word' id='word_1_77' title='bbox 606 1945 674 2016; x_wconf 89' lang='lat' dir='ltr'>per</span> <span class='ocrx_word' id='word_1_78' title='bbox 692 1920 861 1992; x_wconf 87' lang='lat' dir='ltr'>diversas</span> <span class='ocrx_word' id='word_1_79' title='bbox 886 1921 1110 2018; x_wconf 87' lang='lat' dir='ltr'>provintias</span> <span class='ocrx_word' id='word_1_80' title='bbox 1139 1933 1266 2021; x_wconf 92' lang='lat' dir='ltr'>utpote</span> <span class='ocrx_word' id='word_1_81' title='bbox 1286 1947 1357 2020; x_wconf 90' lang='lat' dir='ltr'>per</span> 
     </span>
     <span class='ocr_line' id='line_1_14' title="bbox 254 2020 1351 2136; baseline 0.004 -44"><span class='ocrx_word' id='word_1_82' title='bbox 254 2022 366 2118; x_wconf 88' lang='lat' dir='ltr'>longa</span> <span class='ocrx_word' id='word_1_83' title='bbox 379 2031 549 2120; x_wconf 87' lang='lat' dir='ltr'>tempora</span> <span class='ocrx_word' id='word_1_84' title='bbox 564 2021 624 2093; x_wconf 92' lang='lat' dir='ltr'>alii</span> <span class='ocrx_word' id='word_1_85' title='bbox 640 2020 722 2094; x_wconf 88' lang='lat' dir='ltr'>aliis</span> <span class='ocrx_word' id='word_1_86' title='bbox 721 2025 1001 2136; x_wconf 71' lang='lat' dir='ltr'>succedentes,</span> <span class='ocrx_word' id='word_1_87' title='bbox 1016 2048 1154 2120; x_wconf 91' lang='lat' dir='ltr'>magna</span> <span class='ocrx_word' id='word_1_88' title='bbox 1170 2024 1351 2096; x_wconf 88' lang='lat' dir='ltr'>industria</span> 
     </span>
    </p>

    <p class='ocr_par' dir='ltr' id='par_1_5' title="bbox 206 2122 1354 2423">
     <span class='ocr_line' id='line_1_15' title="bbox 206 2122 1352 2238; baseline 0.001 -44"><span class='ocrx_word' id='word_1_89' title='bbox 206 2157 216 2178; x_wconf 83' lang='lat'>.</span> <span class='ocrx_word' id='word_1_90' title='bbox 255 2123 513 2196; x_wconf 88' lang='lat' dir='ltr'>dilataverunt.</span> <span class='ocrx_word' id='word_1_91' title='bbox 553 2124 647 2196; x_wconf 89' lang='lat' dir='ltr'>Nam</span> <span class='ocrx_word' id='word_1_92' title='bbox 667 2122 755 2195; x_wconf 92' lang='lat' dir='ltr'>utin</span> <span class='ocrx_word' id='word_1_93' title='bbox 776 2122 1038 2238; x_wconf 82' lang='lat' dir='ltr'>antiquissima</span> <span class='ocrx_word' id='word_1_94' title='bbox 1057 2127 1217 2237; x_wconf 89' lang='lat' dir='ltr'>quadam</span> <span class='ocrx_word' id='word_1_95' title='bbox 1238 2124 1352 2197; x_wconf 89' lang='lat' dir='ltr'>histo·</span> 
     </span>
     <span class='ocr_line' id='line_1_16' title="bbox 254 2223 1354 2323; baseline 0.003 -28"><span class='ocrx_word' id='word_1_96' title='bbox 254 2225 306 2296; x_wconf 87' lang='lat' dir='ltr'>ria</span> <span class='ocrx_word' id='word_1_97' title='bbox 324 2225 592 2322; x_wconf 65' lang='lat' dir='ltr'>reperimusl,</span> <span class='ocrx_word' id='word_1_98' title='bbox 583 2225 643 2298; x_wconf 83' lang='lat' dir='ltr'>isti</span> <span class='ocrx_word' id='word_1_99' title='bbox 660 2225 843 2297; x_wconf 86' lang='lat' dir='ltr'>aFrancis</span> <span class='ocrx_word' id='word_1_100' title='bbox 858 2223 929 2298; x_wconf 78' lang='lat' dir='ltr'>iltis</span> <span class='ocrx_word' id='word_1_101' title='bbox 946 2225 1130 2323; x_wconf 89' lang='lat' dir='ltr'>originem</span> <span class='ocrx_word' id='word_1_102' title='bbox 1147 2237 1354 2320; x_wconf 79' lang='lat' dir='ltr'>traxerunt⁷</span> 
     </span>
     <span class='ocr_line' id='line_1_17' title="bbox 255 2325 1353 2423; baseline 0.004 -29"><span class='ocrx_word' id='word_1_103' title='bbox 255 2325 315 2423; x_wconf 89' lang='lat' dir='ltr'>qui</span> <span class='ocrx_word' id='word_1_104' title='bbox 337 2329 522 2423; x_wconf 90' lang='lat' dir='ltr'>quondam</span> <span class='ocrx_word' id='word_1_105' title='bbox 546 2352 567 2398; x_wconf 91' lang='lat' dir='ltr'>a</span> <span class='ocrx_word' id='word_1_106' title='bbox 587 2325 694 2398; x_wconf 87' lang='lat' dir='ltr'>Troia</span> <span class='ocrx_word' id='word_1_107' title='bbox 716 2326 876 2423; x_wconf 64' lang='lat' dir='ltr'>egressi,</span> <span class='ocrx_word' id='word_1_108' title='bbox 896 2331 965 2400; x_wconf 91' lang='lat' dir='ltr'>sub</span> <span class='ocrx_word' id='word_1_109' title='bbox 984 2327 1182 2400; x_wconf 85' lang='lat' dir='ltr'>Frantione</span> <span class='ocrx_word' id='word_1_110' title='bbox 1209 2338 1246 2400; x_wconf 90' lang='lat' dir='ltr'>et</span> <span class='ocrx_word' id='word_1_111' title='bbox 1263 2328 1353 2401; x_wconf 92' lang='lat' dir='ltr'>Tur-</span> 
     </span>
    </p>
   </div>
   <div class='ocr_carea' id='block_1_4' title="bbox 172 2427 1353 2524">
    <p class='ocr_par' dir='ltr' id='par_1_6' title="bbox 172 2427 1353 2524">
     <span class='ocr_line' id='line_1_18' title="bbox 172 2427 1353 2524; baseline -0.001 -25"><span class='ocrx_word' id='word_1_112' title='bbox 172 2428 325 2499; x_wconf 70' lang='lat' dir='ltr'>Ruso-eho</span> <span class='ocrx_word' id='word_1_113' title='bbox 346 2427 521 2524; x_wconf 71' lang='lat' dir='ltr'>regibu52</span> <span class='ocrx_word' id='word_1_114' title='bbox 540 2461 619 2514; x_wconf 86' lang='lat' dir='ltr'>supra</span> <span class='ocrx_word' id='word_1_115' title='bbox 639 2443 710 2514; x_wconf 82' lang='lat' dir='ltr'>ripas</span> <span class='ocrx_word' id='word_1_116' title='bbox 731 2443 848 2496; x_wconf 88' lang='lat' dir='ltr'>Danubii</span> <span class='ocrx_word' id='word_1_117' title='bbox 867 2445 938 2498; x_wconf 76' lang='lat' dir='ltr'>iuxta</span> <span class='ocrx_word' id='word_1_118' title='bbox 958 2443 1081 2499; x_wconf 88' lang='lat' dir='ltr'>Traciam</span> <span class='ocrx_word' id='word_1_119' title='bbox 1105 2449 1297 2516; x_wconf 84' lang='lat' dir='ltr'>consederunt,</span> <span class='ocrx_word' id='word_1_120' title='bbox 1325 2455 1353 2500; x_wconf 89' lang='lat' dir='ltr'>et</span> 
     </span>
    </p>
   </div>
   <div class='ocr_carea' id='block_1_5' title="bbox 253 2525 1379 2890">
    <p class='ocr_par' dir='ltr' id='par_1_7' title="bbox 253 2525 1379 2890">
     <span class='ocr_line' id='line_1_19' title="bbox 254 2525 1354 2598; baseline 0 -18"><span class='ocrx_word' id='word_1_121' title='bbox 254 2528 388 2582; x_wconf 75' lang='lat' dir='ltr'>civitatem</span> <span class='ocrx_word' id='word_1_122' title='bbox 408 2525 584 2582; x_wconf 77' lang='lat' dir='ltr'>sicambriam</span> <span class='ocrx_word' id='word_1_123' title='bbox 604 2527 767 2580; x_wconf 87' lang='lat' dir='ltr'>nominatam</span> <span class='ocrx_word' id='word_1_124' title='bbox 788 2527 825 2580; x_wconf 93' lang='lat' dir='ltr'>ibi</span> <span class='ocrx_word' id='word_1_125' title='bbox 846 2527 1050 2594; x_wconf 82' lang='lat' dir='ltr'>edificaverunt,</span> <span class='ocrx_word' id='word_1_126' title='bbox 1080 2537 1289 2598; x_wconf 85' lang='lat' dir='ltr'>manseruntque</span> <span class='ocrx_word' id='word_1_127' title='bbox 1313 2527 1354 2580; x_wconf 88' lang='lat' dir='ltr'>ibi</span> 
     </span>
     <span class='ocr_line' id='line_1_20' title="bbox 254 2599 1350 2672; baseline 0 -18"><span class='ocrx_word' id='word_1_128' title='bbox 254 2603 392 2672; x_wconf 86' lang='lat' dir='ltr'>usquead</span> <span class='ocrx_word' id='word_1_129' title='bbox 413 2611 532 2672; x_wconf 86' lang='lat' dir='ltr'>tempora</span> <span class='ocrx_word' id='word_1_130' title='bbox 552 2599 736 2654; x_wconf 83' lang='lat' dir='ltr'>Valentiniani</span> <span class='ocrx_word' id='word_1_131' title='bbox 756 2601 933 2670; x_wconf 84' lang='lat' dir='ltr'>imperatoris.</span> <span class='ocrx_word' id='word_1_132' title='bbox 972 2601 997 2656; x_wconf 78' lang='lat' dir='ltr'><strong>A</strong></span> <span class='ocrx_word' id='word_1_133' title='bbox 1019 2618 1072 2672; x_wconf 90' lang='lat' dir='ltr'>quo</span> <span class='ocrx_word' id='word_1_134' title='bbox 1095 2603 1158 2655; x_wconf 86' lang='lat' dir='ltr'>inde</span> <span class='ocrx_word' id='word_1_135' title='bbox 1180 2600 1291 2672; x_wconf 84' lang='lat' dir='ltr'>expulsi,</span> <span class='ocrx_word' id='word_1_136' title='bbox 1317 2617 1350 2654; x_wconf 89' lang='lat' dir='ltr'>eo</span> 
     </span>
     <span class='ocr_line' id='line_1_21' title="bbox 255 2674 1379 2745; baseline -0.002 -17"><span class='ocrx_word' id='word_1_137' title='bbox 255 2678 326 2745; x_wconf 89' lang='lat' dir='ltr'>quod</span> <span class='ocrx_word' id='word_1_138' title='bbox 344 2677 439 2728; x_wconf 87' lang='lat' dir='ltr'>tributa</span> <span class='ocrx_word' id='word_1_139' title='bbox 457 2675 585 2728; x_wconf 87' lang='lat' dir='ltr'>Romanis</span> <span class='ocrx_word' id='word_1_140' title='bbox 601 2674 672 2728; x_wconf 82' lang='lat' dir='ltr'>iuxta</span> <span class='ocrx_word' id='word_1_141' title='bbox 690 2691 790 2728; x_wconf 85' lang='lat' dir='ltr'>morem</span> <span class='ocrx_word' id='word_1_142' title='bbox 806 2683 954 2728; x_wconf 86' lang='lat' dir='ltr'>ceterarum</span> <span class='ocrx_word' id='word_1_143' title='bbox 974 2675 1092 2742; x_wconf 86' lang='lat' dir='ltr'>gentium</span> <span class='ocrx_word' id='word_1_144' title='bbox 1114 2675 1218 2728; x_wconf 86' lang='lat' dir='ltr'>solvere</span> <span class='ocrx_word' id='word_1_145' title='bbox 1236 2691 1352 2728; x_wconf 84' lang='lat' dir='ltr'>recusa·</span> <span class='ocrx_word' id='word_1_146' title='bbox 1377 2736 1379 2740; x_wconf 16' lang='lat' dir='ltr'><em>r</em></span> 
     </span>
     <span class='ocr_line' id='line_1_22' title="bbox 255 2745 1353 2817; baseline 0 -17"><span class='ocrx_word' id='word_1_147' title='bbox 255 2749 327 2808; x_wconf 88' lang='lat' dir='ltr'>baut,</span> <span class='ocrx_word' id='word_1_148' title='bbox 354 2751 453 2817; x_wconf 78' lang='lat' dir='ltr'>egressi</span> <span class='ocrx_word' id='word_1_149' title='bbox 481 2749 553 2810; x_wconf 89' lang='lat' dir='ltr'>inde,</span> <span class='ocrx_word' id='word_1_150' title='bbox 580 2750 629 2799; x_wconf 91' lang='lat' dir='ltr'>sub</span> <span class='ocrx_word' id='word_1_151' title='bbox 648 2745 829 2800; x_wconf 89' lang='lat' dir='ltr'>Marchomiro</span> <span class='ocrx_word' id='word_1_152' title='bbox 856 2746 985 2800; x_wconf 88' lang='lat' dir='ltr'>Sunnone</span> <span class='ocrx_word' id='word_1_153' title='bbox 1004 2758 1030 2802; x_wconf 88' lang='lat' dir='ltr'>ct</span> <span class='ocrx_word' id='word_1_154' title='bbox 1050 2745 1217 2801; x_wconf 86' lang='lat' dir='ltr'>Genebaudo</span> <span class='ocrx_word' id='word_1_155' title='bbox 1237 2747 1353 2800; x_wconf 85' lang='lat' dir='ltr'>ducibus</span> 
     </span>
     <span class='ocr_line' id='line_1_23' title="bbox 253 2819 1352 2890; baseline 0 -16"><span class='ocrx_word' id='word_1_156' title='bbox 253 2831 383 2874; x_wconf 82' lang='lat' dir='ltr'>venerum</span> <span class='ocrx_word' id='word_1_157' title='bbox 402 2833 429 2876; x_wconf 89' lang='lat' dir='ltr'>et</span> <span class='ocrx_word' id='word_1_158' title='bbox 454 2821 640 2874; x_wconf 80' lang='lat' dir='ltr'>habitaverunt</span> <span class='ocrx_word' id='word_1_159' title='bbox 665 2822 735 2872; x_wconf 88' lang='lat' dir='ltr'>circa</span> <span class='ocrx_word' id='word_1_160' title='bbox 762 2821 846 2890; x_wconf 89' lang='lat' dir='ltr'>ripam</span> <span class='ocrx_word' id='word_1_161' title='bbox 867 2819 949 2886; x_wconf 76' lang='lat' dir='ltr'>lieni,</span> <span class='ocrx_word' id='word_1_162' title='bbox 975 2821 1003 2873; x_wconf 90' lang='lat' dir='ltr'>in</span> <span class='ocrx_word' id='word_1_163' title='bbox 1023 2821 1139 2874; x_wconf 80' lang='lat' dir='ltr'>confinio</span> <span class='ocrx_word' id='word_1_164' title='bbox 1160 2819 1305 2874; x_wconf 85' lang='lat' dir='ltr'>Germanic</span> <span class='ocrx_word' id='word_1_165' title='bbox 1325 2831 1352 2875; x_wconf 90' lang='lat' dir='ltr'>et</span> 
     </span>
    </p>
   </div>
   <div class='ocr_carea' id='block_1_6' title="bbox 146 2893 1543 4008">
    <p class='ocr_par' dir='ltr' id='par_1_8' title="bbox 255 2893 1351 2994">
     <span class='ocr_line' id='line_1_24' title="bbox 255 2893 1351 2994; baseline -0.001 -26"><span class='ocrx_word' id='word_1_166' title='bbox 255 2893 409 2969; x_wconf 76' lang='lat' dir='ltr'>Gallie3.</span> <span class='ocrx_word' id='word_1_167' title='bbox 462 2895 540 2968; x_wconf 91' lang='lat' dir='ltr'>Illis</span> <span class='ocrx_word' id='word_1_168' title='bbox 568 2918 658 2992; x_wconf 85' lang='lat' dir='ltr'>ergo</span> <span class='ocrx_word' id='word_1_169' title='bbox 687 2894 771 2966; x_wconf 91' lang='lat' dir='ltr'>loca</span> <span class='ocrx_word' id='word_1_170' title='bbox 798 2893 862 2966; x_wconf 90' lang='lat' dir='ltr'>illa</span> <span class='ocrx_word' id='word_1_171' title='bbox 889 2894 1177 2994; x_wconf 71' lang='lat' dir='ltr'>occupantibus,</span> <span class='ocrx_word' id='word_1_172' title='bbox 1213 2894 1274 2966; x_wconf 90' lang='lat' dir='ltr'>isti</span> <span class='ocrx_word' id='word_1_173' title='bbox 1302 2897 1351 2967; x_wconf 92' lang='lat' dir='ltr'>ob</span> 
     </span>
    </p>

    <p class='ocr_par' dir='ltr' id='par_1_9' title="bbox 146 2994 1543 4008">
     <span class='ocr_line' id='line_1_25' title="bbox 146 2994 1355 3094; baseline -0.002 -24"><span class='ocrx_word' id='word_1_174' title='bbox 146 3055 147 3060; x_wconf 65' lang='lat'>,</span> <span class='ocrx_word' id='word_1_175' title='bbox 253 2997 531 3070; x_wconf 89' lang='lat' dir='ltr'>multitudinem</span> <span class='ocrx_word' id='word_1_176' title='bbox 550 3019 682 3068; x_wconf 89' lang='lat' dir='ltr'>eorum</span> <span class='ocrx_word' id='word_1_177' title='bbox 709 2994 864 3068; x_wconf 89' lang='lat' dir='ltr'>nimiam</span> <span class='ocrx_word' id='word_1_178' title='bbox 883 2999 928 3068; x_wconf 85' lang='lat' dir='ltr'>ab</span> <span class='ocrx_word' id='word_1_179' title='bbox 949 2995 1002 3070; x_wconf 88' lang='lat' dir='ltr'>eis</span> <span class='ocrx_word' id='word_1_180' title='bbox 1028 3007 1285 3094; x_wconf 74' lang='lat' dir='ltr'>recesserunt,</span> <span class='ocrx_word' id='word_1_181' title='bbox 1314 3007 1355 3070; x_wconf 88' lang='lat' dir='ltr'>et</span> 
     </span>
     <span class='ocr_line' id='line_1_26' title="bbox 253 3096 1451 3196; baseline -0.002 -25"><span class='ocrx_word' id='word_1_182' title='bbox 253 3111 374 3172; x_wconf 85' lang='lat' dir='ltr'>terras</span> <span class='ocrx_word' id='word_1_183' title='bbox 399 3099 468 3172; x_wconf 86' lang='lat' dir='ltr'>has</span> <span class='ocrx_word' id='word_1_184' title='bbox 495 3122 592 3196; x_wconf 90' lang='lat' dir='ltr'>pene</span> <span class='ocrx_word' id='word_1_185' title='bbox 618 3096 879 3170; x_wconf 85' lang='lat' dir='ltr'>inhabitabiles</span> <span class='ocrx_word' id='word_1_186' title='bbox 908 3107 944 3171; x_wconf 89' lang='lat' dir='ltr'>et</span> <span class='ocrx_word' id='word_1_187' title='bbox 969 3098 1090 3170; x_wconf 88' lang='lat' dir='ltr'>adhuc</span> <span class='ocrx_word' id='word_1_188' title='bbox 1116 3108 1156 3170; x_wconf 89' lang='lat' dir='ltr'>ut</span> <span class='ocrx_word' id='word_1_189' title='bbox 1185 3097 1355 3171; x_wconf 88' lang='lat' dir='ltr'>cernitur</span> <span class='ocrx_word' id='word_1_190' title='bbox 1448 3122 1451 3129; x_wconf 89' lang='lat'>·</span> 
     </span>
     <span class='ocr_line' id='line_1_27' title="bbox 253 3197 1357 3274; baseline 0.001 -2"><span class='ocrx_word' id='word_1_191' title='bbox 253 3223 475 3274; x_wconf 89' lang='lat' dir='ltr'>nemorosas</span> <span class='ocrx_word' id='word_1_192' title='bbox 503 3223 588 3272; x_wconf 90' lang='lat' dir='ltr'>cum</span> <span class='ocrx_word' id='word_1_193' title='bbox 617 3197 744 3270; x_wconf 90' lang='lat' dir='ltr'>multis</span> <span class='ocrx_word' id='word_1_194' title='bbox 779 3197 848 3270; x_wconf 89' lang='lat' dir='ltr'>sibi</span> <span class='ocrx_word' id='word_1_195' title='bbox 882 3197 1146 3272; x_wconf 86' lang='lat' dir='ltr'>adherentibus</span> <span class='ocrx_word' id='word_1_196' title='bbox 1180 3199 1357 3273; x_wconf 83' lang='lat' dir='ltr'>habitare&#39;</span> 
     </span>
     <span class='ocr_line' id='line_1_28' title="bbox 254 3297 1351 3400; baseline -0.003 -26"><span class='ocrx_word' id='word_1_197' title='bbox 254 3312 444 3400; x_wconf 88' lang='lat' dir='ltr'>ceperunt.</span> <span class='ocrx_word' id='word_1_198' title='bbox 499 3299 608 3386; x_wconf 86' lang='lat' dir='ltr'>Quod</span> <span class='ocrx_word' id='word_1_199' title='bbox 639 3298 671 3370; x_wconf 90' lang='lat' dir='ltr'>si</span> <span class='ocrx_word' id='word_1_200' title='bbox 702 3297 762 3371; x_wconf 90' lang='lat' dir='ltr'>cui</span> <span class='ocrx_word' id='word_1_201' title='bbox 797 3297 942 3371; x_wconf 92' lang='lat' dir='ltr'>minus</span> <span class='ocrx_word' id='word_1_202' title='bbox 940 3299 1131 3372; x_wconf 88' lang='lat' dir='ltr'>credibile</span> <span class='ocrx_word' id='word_1_203' title='bbox 1163 3299 1351 3397; x_wconf 90' lang='lat' dir='ltr'>videatur</span> 
     </span>
     <span class='ocr_line' id='line_1_29' title="bbox 253 3399 1350 3500; baseline 0 -27"><span class='ocrx_word' id='word_1_204' title='bbox 253 3402 357 3500; x_wconf 88' lang='lat' dir='ltr'>legat</span> <span class='ocrx_word' id='word_1_205' title='bbox 390 3400 567 3474; x_wconf 88' lang='lat' dir='ltr'>historias</span> <span class='ocrx_word' id='word_1_206' title='bbox 603 3425 676 3498; x_wconf 89' lang='lat' dir='ltr'>gen</span> <span class='ocrx_word' id='word_1_207' title='bbox 680 3399 817 3495; x_wconf 65' lang='lat' dir='ltr'>tilium‚</span> <span class='ocrx_word' id='word_1_208' title='bbox 852 3411 889 3471; x_wconf 87' lang='lat' dir='ltr'>et</span> <span class='ocrx_word' id='word_1_209' title='bbox 920 3399 1083 3474; x_wconf 86' lang='lat' dir='ltr'>inveniet</span> <span class='ocrx_word' id='word_1_210' title='bbox 1111 3425 1242 3474; x_wconf 91' lang='lat' dir='ltr'>omues</span> <span class='ocrx_word' id='word_1_211' title='bbox 1269 3403 1350 3474; x_wconf 86' lang='lat' dir='ltr'>fere</span> 
     </span>
     <span class='ocr_line' id='line_1_30' title="bbox 252 3499 1351 3615; baseline -0.001 -40"><span class='ocrx_word' id='word_1_212' title='bbox 252 3515 373 3576; x_wconf 89' lang='lat' dir='ltr'>terras</span> <span class='ocrx_word' id='word_1_213' title='bbox 401 3502 541 3576; x_wconf 88' lang='lat' dir='ltr'>violent</span> <span class='ocrx_word' id='word_1_214' title='bbox 526 3513 584 3575; x_wconf 88' lang='lat' dir='ltr'>ter</span> <span class='ocrx_word' id='word_1_215' title='bbox 608 3504 653 3573; x_wconf 91' lang='lat' dir='ltr'>ab</span> <span class='ocrx_word' id='word_1_216' title='bbox 682 3499 764 3573; x_wconf 90' lang='lat' dir='ltr'>aliis</span> <span class='ocrx_word' id='word_1_217' title='bbox 790 3510 877 3599; x_wconf 89' lang='lat' dir='ltr'>capt</span> <span class='ocrx_word' id='word_1_218' title='bbox 879 3525 919 3574; x_wconf 91' lang='lat' dir='ltr'>as</span> <span class='ocrx_word' id='word_1_219' title='bbox 946 3512 982 3574; x_wconf 88' lang='lat' dir='ltr'>et</span> <span class='ocrx_word' id='word_1_220' title='bbox 1006 3525 1215 3615; x_wconf 81' lang='lat' dir='ltr'>possessas</span> <span class='ocrx_word' id='word_1_221' title='bbox 1268 3502 1351 3574; x_wconf 86' lang='lat' dir='ltr'>Hoc</span> 
     </span>
     <span class='ocr_line' id='line_1_31' title="bbox 253 3601 1349 3702; baseline -0.003 -25"><span class='ocrx_word' id='word_1_222' title='bbox 253 3605 422 3700; x_wconf 68' lang='lat' dir='ltr'>Troiani,</span> <span class='ocrx_word' id='word_1_223' title='bbox 455 3613 656 3702; x_wconf 83' lang='lat' dir='ltr'>postquam</span> <span class='ocrx_word' id='word_1_224' title='bbox 684 3601 829 3699; x_wconf 88' lang='lat' dir='ltr'>expulsi</span> <span class='ocrx_word' id='word_1_225' title='bbox 856 3627 875 3673; x_wconf 94' lang='lat' dir='ltr'>a</span> <span class='ocrx_word' id='word_1_226' title='bbox 905 3602 981 3675; x_wconf 89' lang='lat' dir='ltr'>suis</span> <span class='ocrx_word' id='word_1_227' title='bbox 1011 3601 1160 3676; x_wconf 90' lang='lat' dir='ltr'>sedibus</span> <span class='ocrx_word' id='word_1_228' title='bbox 1187 3604 1349 3696; x_wconf 86' lang='lat' dir='ltr'>fuerant</span> 
     </span>
     <span class='ocr_line' id='line_1_32' title="bbox 253 3703 1352 3800; baseline -0.002 -22"><span class='ocrx_word' id='word_1_229' title='bbox 253 3708 378 3780; x_wconf 87' lang='lat' dir='ltr'>Iacere</span> <span class='ocrx_word' id='word_1_230' title='bbox 406 3705 597 3800; x_wconf 89' lang='lat' dir='ltr'>solebant</span> <span class='ocrx_word' id='word_1_231' title='bbox 628 3705 700 3776; x_wconf 90' lang='lat' dir='ltr'>hoc</span> <span class='ocrx_word' id='word_1_232' title='bbox 728 3703 906 3777; x_wconf 90' lang='lat' dir='ltr'>Gothiet</span> <span class='ocrx_word' id='word_1_233' title='bbox 931 3704 1057 3800; x_wconf 88' lang='lat' dir='ltr'>Alani</span> <span class='ocrx_word' id='word_1_234' title='bbox 1088 3704 1160 3776; x_wconf 90' lang='lat' dir='ltr'>hoc</span> <span class='ocrx_word' id='word_1_235' title='bbox 1187 3703 1286 3775; x_wconf 91' lang='lat' dir='ltr'>Huni</span> <span class='ocrx_word' id='word_1_236' title='bbox 1312 3715 1352 3778; x_wconf 88' lang='lat' dir='ltr'>et</span> 
     </span>
     <span class='ocr_line' id='line_1_33' title="bbox 253 3805 1543 3920; baseline -0.004 -39"><span class='ocrx_word' id='word_1_237' title='bbox 253 3807 444 3905; x_wconf 91' lang='lat' dir='ltr'>Wandali</span> <span class='ocrx_word' id='word_1_238' title='bbox 472 3807 544 3879; x_wconf 91' lang='lat' dir='ltr'>hoc</span> <span class='ocrx_word' id='word_1_239' title='bbox 572 3816 609 3879; x_wconf 91' lang='lat' dir='ltr'>et</span> <span class='ocrx_word' id='word_1_240' title='bbox 619 3805 932 3920; x_wconf 73' lang='lat' dir='ltr'>⁸Langobardiet</span> <span class='ocrx_word' id='word_1_241' title='bbox 956 3815 1128 3878; x_wconf 87' lang='lat' dir='ltr'>caeterae</span> <span class='ocrx_word' id='word_1_242' title='bbox 1147 3829 1349 3877; x_wconf 82' lang='lat' dir='ltr'>nacionum</span> <span class='ocrx_word' id='word_1_243' title='bbox 1416 3806 1419 3814; x_wconf 71' lang='lat'>‘</span> <span class='ocrx_word' id='word_1_244' title='bbox 1522 3807 1543 3896; x_wconf 68' lang='lat' dir='ltr'>d</span> 
     </span>
     <span class='ocr_line' id='line_1_34' title="bbox 255 3903 1348 4008; baseline -0.006 -24"><span class='ocrx_word' id='word_1_245' title='bbox 255 3922 344 4008; x_wconf 86' lang='lat' dir='ltr'>gent</span> <span class='ocrx_word' id='word_1_246' title='bbox 347 3935 407 4004; x_wconf 90' lang='lat' dir='ltr'>es</span> <span class='ocrx_word' id='word_1_247' title='bbox 440 3919 498 3982; x_wconf 90' lang='lat' dir='ltr'>set</span> <span class='ocrx_word' id='word_1_248' title='bbox 528 3906 691 3980; x_wconf 88' lang='lat' dir='ltr'>maxime</span> <span class='ocrx_word' id='word_1_249' title='bbox 723 3906 1047 4004; x_wconf 90' lang='lat' dir='ltr'>septentrionales.</span> <span class='ocrx_word' id='word_1_250' title='bbox 1095 3903 1213 4003; x_wconf 84' lang='lat' dir='ltr'>Igitur</span> <span class='ocrx_word' id='word_1_251' title='bbox 1239 3905 1348 4004; x_wconf 83' lang='lat' dir='ltr'>potiti</span> 
     </span>
    </p>
   </div>
   <div class='ocr_carea' id='block_1_7' title="bbox 253 4088 1349 4312">
    <p class='ocr_par' dir='ltr' id='par_1_10' title="bbox 253 4088 1348 4312">
     <span class='ocr_line' id='line_1_35' title="bbox 256 4088 1348 4166; baseline -0.002 -21"><span class='ocrx_word' id='word_1_252' title='bbox 256 4095 281 4162; x_wconf 83' lang='lat'>1)</span> <span class='ocrx_word' id='word_1_253' title='bbox 300 4092 424 4166; x_wconf 86' lang='lat' dir='ltr'>Hugouis</span> <span class='ocrx_word' id='word_1_254' title='bbox 444 4094 570 4146; x_wconf 87' lang='lat' dir='ltr'>nimirum</span> <span class='ocrx_word' id='word_1_255' title='bbox 589 4110 603 4146; x_wconf 88' lang='lat' dir='ltr'>a</span> <span class='ocrx_word' id='word_1_256' title='bbox 624 4090 722 4145; x_wconf 88' lang='lat' dir='ltr'>Sancto</span> <span class='ocrx_word' id='word_1_257' title='bbox 744 4090 852 4145; x_wconf 86' lang='lat' dir='ltr'>Victore</span> <span class='ocrx_word' id='word_1_258' title='bbox 872 4089 1126 4156; x_wconf 67' lang='lat' dir='ltr'>chronicae)</span> <span class='ocrx_word' id='word_1_259' title='bbox 1148 4088 1301 4143; x_wconf 83' lang='lat' dir='ltr'>Francionis</span> <span class='ocrx_word' id='word_1_260' title='bbox 1321 4100 1348 4143; x_wconf 90' lang='lat' dir='ltr'>ct</span> 
     </span>
     <span class='ocr_line' id='line_1_36' title="bbox 254 4161 1349 4250; baseline -0.006 -28"><span class='ocrx_word' id='word_1_261' title='bbox 254 4167 343 4230; x_wconf 84' lang='lat' dir='ltr'>Terei,</span> <span class='ocrx_word' id='word_1_262' title='bbox 364 4167 409 4238; x_wconf 91' lang='lat' dir='ltr'>qui</span> <span class='ocrx_word' id='word_1_263' title='bbox 429 4167 534 4250; x_wconf 90' lang='lat' dir='ltr'>populis</span> <span class='ocrx_word' id='word_1_264' title='bbox 547 4165 712 4219; x_wconf 84' lang='lat' dir='ltr'>Francorum</span> <span class='ocrx_word' id='word_1_265' title='bbox 733 4163 920 4218; x_wconf 87' lang='lat' dir='ltr'>etIureorum</span> <span class='ocrx_word' id='word_1_266' title='bbox 941 4164 1049 4217; x_wconf 87' lang='lat' dir='ltr'>nemina</span> <span class='ocrx_word' id='word_1_267' title='bbox 1070 4163 1209 4227; x_wconf 86' lang='lat' dir='ltr'>dederunt,</span> <span class='ocrx_word' id='word_1_268' title='bbox 1230 4165 1263 4217; x_wconf 89' lang='lat' dir='ltr'>ab</span> <span class='ocrx_word' id='word_1_269' title='bbox 1284 4161 1349 4218; x_wconf 88' lang='lat' dir='ltr'>Hu-</span> 
     </span>
     <span class='ocr_line' id='line_1_37' title="bbox 253 4237 878 4312; baseline -0.006 -18"><span class='ocrx_word' id='word_1_270' title='bbox 253 4259 323 4312; x_wconf 83' lang='lat' dir='ltr'>gone</span> <span class='ocrx_word' id='word_1_271' title='bbox 342 4243 371 4295; x_wconf 88' lang='lat' dir='ltr'>Iit</span> <span class='ocrx_word' id='word_1_272' title='bbox 390 4241 498 4294; x_wconf 89' lang='lat' dir='ltr'>mentio.</span> <span class='ocrx_word' id='word_1_273' title='bbox 572 4239 598 4307; x_wconf 85' lang='lat'>3)</span> <span class='ocrx_word' id='word_1_274' title='bbox 618 4239 769 4293; x_wconf 77' lang='lat' dir='ltr'>Alamannia</span> <span class='ocrx_word' id='word_1_275' title='bbox 788 4237 878 4308; x_wconf 82' lang='lat' dir='ltr'>Ilugo.</span> 
     </span>
    </p>
   </div>
   <div class='ocr_carea' id='block_1_8' title="bbox 0 0 1554 4872">
    <p class='ocr_par' dir='ltr' id='par_1_11' title="bbox 0 0 1554 4872">
     <span class='ocr_line' id='line_1_38' title="bbox 0 0 1554 4872; baseline 0 0"><span class='ocrx_word' id='word_1_276' title='bbox 0 0 1554 4872; x_wconf 95' lang='lat' dir='ltr'> </span> 
     </span>
    </p>
   </div>
  </div>
 </body>
</html>
