3100 4872
274 354 322 430 46
381 347 733 432 cttttomcoRttm
749 346 962 423 HUGONlS
983 347 1045 422 ET
1062 348 1263 425 HONORll
1319 390 1322 394 ·

373 551 633 648 Autoqrapteon
657 556 786 624 nactus
803 550 872 624 hoc
890 573 983 645 opus
1000 551 1201 624 monachus
1219 548 1370 648 quidam

275 652 369 725 atter
387 656 424 726 in
442 655 619 747 epitomen
646 649 804 748 redeqit,
832 654 981 748 quaein
999 648 1124 725 eodem
1147 649 1283 747 codice,
1310 655 1374 749 qui

273 751 480 826 Historiam
503 751 700 839 Wetforum
727 754 904 848 continet,
930 749 1035 826 notis
1063 751 1370 827 asservataest1.

273 853 332 926 Ea
350 850 493 951 quidem
520 854 664 925 ratione
688 855 860 946 epitomes
887 857 1018 925 auctor
1041 860 1210 927 versatus
1236 860 1306 948 est,
1333 859 1376 925 ut

273 960 443 1048 eacerpta
468 951 656 1026 Historiae
679 951 878 1040 Wdiorum
903 959 939 1025 et
963 952 1105 1026 Ottonis
1130 953 1373 1049 Frisinqensis

274 1056 476 1127 marimum
496 1058 643 1147 partem
659 1071 789 1126 rursus
807 1051 972 1125 eiiceret²
979 1107 992 1148 r
1020 1054 1131 1127 Gesta
1147 1053 1326 1128 Friderici
1342 1053 1371 1126 1.

274 1155 510 1248 imperatoris
522 1147 725 1226 admodum
739 1151 945 1248 decurtata,
964 1153 1158 1251 aliquoties
1175 1157 1373 1228 immutata

273 1254 537 1328 sententiarum
554 1256 680 1341 forma
689 1307 701 1348 ,
729 1251 774 1325 de
790 1275 860 1325 suo
878 1256 1161 1340 transformavit
1169 1253 1194 1327 ³.
1248 1254 1374 1350 Epito-

274 1359 409 1450 motor,
435 1357 468 1426 si
492 1352 653 1427 codicem
674 1361 691 1428 1
712 1352 971 1448 autoqrapison
997 1358 1074 1428 eius
1099 1353 1185 1428 duci
1207 1354 1308 1450 iicet,
1335 1358 1374 1428 in

274 1453 398 1529 media
424 1455 640 1528 narratione
661 1456 967 1549 pereqrinationis
983 1453 1162 1528 Friderici
1177 1455 1205 1527 1.
1225 1457 1263 1528 in
1285 1458 1376 1529 scri·

275 1553 393 1630 beneio
406 1553 637 1650 tanquescere
650 1550 804 1650 coepit⁴,
816 1555 1146 1652 perfectionemque
1160 1555 1269 1629 atteri
1284 1559 1375 1629 scri·

270 1659 371 1752 ptori
388 1655 538 1729 dimisit
566 1653 635 1744 Qui
652 1657 824 1728 cautinum
844 1652 993 1728 addidit
1007 1655 1189 1751 quaedam
1208 1653 1253 1728 de
1271 1655 1374 1728 obitu

273 1755 394 1830 ultimi
422 1754 605 1842 Wetfonis.
657 1755 701 1827 tn
727 1755 888 1852 sequenti
914 1753 1052 1828 codicis
1079 1754 1239 1829 eiusdem
1266 1756 1373 1852 totio,

275 1854 375 1954 quod
393 1862 514 1944 tamen
532 1856 747 1950 sraqmentis
764 1853 849 1943 solii
865 1855 1060 1928 cuiusdam
1078 1859 1188 1930 eccisi
1206 1863 1374 1934 assutum

274 1964 340 2053 est,
360 1957 584 2029 continuatio
599 1954 718 2027 ultera
735 1954 930 2028 subiuncta
948 1963 1132 2055 estusque
1150 1954 1203 2029 ad
1220 1965 1375 2031 mortem

273 2056 436 2131 Heinrici
472 2055 525 2129 Vt.
556 2057 789 2151 imperatoris
819 2079 854 2128 a.
890 2059 998 2132 1197.
1032 2055 1195 2152 tendens,
1228 2054 1374 2132 duabus

273 2157 446 2233 manibus
471 2161 645 2252 eaurata,
670 2179 828 2254 quarum
848 2161 1036 2250 postrema
1053 2160 1091 2231 in
1108 2156 1210 2244 foliis
1227 2181 1375 2255 sequen·

275 2259 374 2332 tibus
391 2256 616 2332 Miracutu
635 2253 1073 2352 SanquinisDomini
1091 2263 1182 2352 post
1205 2281 1241 2330 a.
1265 2260 1373 2332 1200.

275 2360 431 2454 scripsit.
486 2356 585 2452 Opus
607 2357 676 2429 teoc
699 2355 949 2434 abbreviatum
967 2359 1144 2454 inteqram
1162 2381 1245 2432 cam
1262 2361 1376 2434 conti·

276 2456 511 2535 unctionibus
527 2459 607 2531 istis
625 2481 669 2530 ea
686 2458 901 2553 apoqraptto
920 2457 1057 2532 codicis
1074 2466 1114 2554 1,
1143 2459 1231 2532 oiim
1248 2482 1375 2534 monu-

276 2561 378 2634 sterii
393 2555 632 2631 satietatem
645 2557 838 2654 etAsrae⁶,
858 2555 1038 2633 dederunt
1051 2560 1331 2635 Canisiustomo
1344 2559 1373 2631 1.
1457 2563 1459 2568 “
1548 2587 1549 2602 ¹

276 2660 458 2734 Lectionis
474 2657 653 2756 Antiquae
670 2658 745 2756 (ed.
764 2658 937 2755 Basnaqe
953 2658 1016 2732 HI.
1037 2659 1093 2756 2.)
1121 2667 1157 2733 e't
1172 2661 1375 2734 leibnizius

277 2766 376 2834 tomo
389 2760 417 2832 Ι.
434 2757 996 2853 ScriptorumBrunsuicensium
1009 2760 1077 2832 sut
1091 2763 1235 2833 nomine
1245 2760 1376 2833 Ciero-

276 2863 366 2935 nici
391 2855 583 2933 eiusdem
607 2857 949 2955 Weinqartensis
973 2861 1193 2956 monachi5
1223 2860 1378 2936 Hessius

278 2967 420 3034 tantum
447 2960 740 3034 continuationes
765 2959 833 3032 sub
852 2958 952 3034 calce
963 2963 1191 3058 popinarum
1209 2966 1253 3035 71
1268 3005 1317 3018 -
1328 2962 1377 3035 76

279 3085 322 3135 ec
339 3060 570 3156 autoqropteo
590 3057 698 3134 dedit.

279 3322 305 3394 1)
325 3320 382 3377 Cir.
403 3338 483 3393 snpra
507 3317 540 3393 ’μ
563 3319 589 3376 9.
683 3317 711 3392 2)
730 3318 848 3391 Vestigia
878 3318 1026 3385 Historiae,
1056 3331 1162 3390 praeter
1190 3323 1377 3376 adnotationes

278 3395 444 3466 synchronus
464 3393 612 3448 stemmatis
622 3390 788 3458 Weliornm,
806 3394 835 3448 in
851 3392 938 3448 eodt
961 3403 1065 3447 tantum
1084 3395 1260 3464 apparentia
1279 3412 1379 3449 narra-

278 3469 354 3522 tione
383 3467 610 3538 peregrinationis
641 3467 776 3522 secundae
806 3475 834 3520 et
863 3465 1055 3521 infeudationis
1087 3466 1222 3522 Wetionis
1243 3466 1288 3522 Vl.
1315 3485 1377 3522 carn

280 3539 398 3594 marchia
417 3539 533 3595 Tusciae
553 3540 587 3612 (a.
607 3537 718 3594 Leibniz
734 3557 762 3611 p.
782 3537 860 3608 798),
890 3537 998 3594 Ottonis
1018 3538 1198 3610 Frisingensis
1224 3549 1327 3596 tantum
1349 3542 1379 3594 in

280 3613 536 3669 commemoratione
570 3611 715 3684 Sanguinis
749 3613 820 3683 regis
848 3609 968 3666 Edessae
1002 3613 1052 3664 sub
1082 3611 1208 3668 Conrado
1239 3611 1286 3668 tlt.
1315 3630 1381 3683 rege

163 3707 165 3711 s
281 3688 314 3758 (v.
333 3685 419 3754 ibid).
531 3685 558 3758 3)
577 3683 668 3740 Semel
700 3686 782 3740 modo
811 3685 931 3739 occurrit
961 3684 989 3738 in
1016 3685 1066 3739 hac
1093 3687 1209 3757 epitome
1237 3687 1380 3750 sententia,

280 3776 296 3813 e
316 3775 368 3832 qua
388 3762 527 3820 crederes.
547 3776 606 3815 eam
627 3775 694 3830 opus
713 3757 859 3828 genuinum
880 3759 913 3812 ab
934 3775 1015 3829 opere
1035 3759 1096 3813 cod.
1116 3759 1134 3813 2
1153 3760 1289 3813 diversum
1310 3777 1379 3826 esse,

280 3831 328 3886 ubi
357 3841 451 3886 auctor
480 3836 514 3888 de
543 3831 705 3886 turribus
732 3829 925 3884 Mediolani
964 3831 1140 3903 depositis
1170 3840 1275 3894 narrat,
1311 3849 1381 3903 qnae

281 3906 363 3958 verba
383 3904 412 3958 in
430 3905 450 3956 2
468 3905 663 3961 desiderantur.
700 3900 737 3957 At
756 3903 857 3973 liquet,
876 3903 929 3958 hoc
948 3921 1007 3959 esse
1026 3922 1076 3980 suo
1094 3902 1183 3960 Marte
1202 3904 1324 3958 additum
1344 3906 1379 3958 ab

281 3977 473 4049 epitomatore,
502 3978 548 4064 qni
575 3976 686 4060 excidio¹
698 3974 847 4031 Mediolani
872 3977 992 4064 tortasse·
1011 3977 1100 4031 adhuc
1126 3985 1184 4032 erat
1207 3987 1382 4065 coaetaneus.

282 4048 688 4250 gqithquqgetdqrqqqqngqqueqqtr
703 4048 1132 4178 idddsidnsstdirtlddwdtimooisst4)
1154 4048 1186 4104 γ’
1200 4050 1280 4194 disi?
1289 4053 1381 4195 'indidi

282 4214 308 4268 p.
366 4214 397 4250 sn
437 4211 513 4266 arguo
567 4234 573 4249 .
